=LDR  01411nab a22003734a 4500
=001  001556484
=003  CZ\PrUCL
=008  170104s1995\\\\xr\\\\\\\\\\\\|||\||eng\d
=035  \\$a(ISIS-B80-ID)B9045226
=035  \\$a(ISIS-B80-MFN)92485
=040  \\$aABB060$bcze
=080  \\$a(0:82-94)$2MRF
=100  1\$aKonzal, Václav$d(1931-2020)$7jk01061595$4aut$1http://viaf.org/viaf/118201295
=245  10$aOn August 5, 1995 Vladimír Vavřínek was sixty-five... /$cVáclav Konzal
=380  \\$iMajor genre$aLiterature$leng
=381  \\$iMajor genre$aOther$leng
=520  2\$aJubilejní medailón (v angličtině) k 65. narozeninám V. V.
=524  \\$aKONZAL, Václav: On August 5, 1995 Vladimír Vavřínek was sixty-five. Byzantinoslavica. Roč. 56, 1995, č. 1, s. XI-XIX.
=600  17$aVavřínek, Vladimír$d(1930- )$7jk01141835$2czenas$1http://viaf.org/viaf/137210
=650  07$aanglicky psaná literatura$7ph117173$2czenas
=650  07$abyzantologie$7ph119058$2czenas
=650  07$aosobnosti$7ph115615$2czenas
=650  \7$aEnglish literature$2ELB-n
=655  \7$amedailony$7fd185951$2czenas
=773  0\$tByzantinoslavica$x0007-7712$gRoč. 56, 1995, č. 1, s. XI-XIX$q56:1$91995$sByzantinoslavica (Praha)
=910  \\$aABB060
=964  \\$a04.01
=964  \\$a05
=964  \\$aB80
=995  \\$aČeská Literární Bibliografie
=FMT  RS
=OWN  \\$aUCLA
=SIF  \\$ass
=ZAZ  \\$d1995$s56$z1

