=LDR  01421nab a22003734a 4500
=001  001556485
=003  CZ\PrUCL
=005  20210119205600.0
=008  170104s1995\\\\xr\\\\\\\\\\\\|||\||eng\d
=022  \\$a0007-7712
=035  \\$a(ISIS-B80-ID)B9045227
=035  \\$a(ISIS-B80-MFN)92486
=040  \\$aABB060$bcze
=080  \\$a(048.8)$2MRF
=100  1\$aAfinogenov, Dimitrij E.,$cMoskva$4aut$xOPRAVA UCL
=245  10$aPatriarch Photius as Literary Theorist :$bAspects of Innovation /$cDimitrij E. Afinogenov.
=380  \\$iMajor genre$aSecondary literature$leng
=520  2\$aStudie (v angličtině).
=524  \\$aAFINOGENOV, Dimitrij E.: Patriarch Photius as Literary Theorist : Aspects of Innovation. Byzantinoslavica. Roč. 56, 1995, č. 2, s. 339-345.
=600  07$aPhotius, patriarca di Costantinopoli, c$ckonstantinopolský patriarcha,$d(820-891)$7jn19981001296$2czenas$1http://viaf.org/viaf/14775071
=650  04$aruská literární historie$xOPRAVA UCL
=650  07$abyzantologie$7ph119058$2czenas
=650  07$aosobnosti$7ph115615$2czenas
=655  \7$astudie$7fd133597$2czenas
=773  0\$tByzantinoslavica$x0007-7712$gRoč. 56, 1995, č. 2, s. 339-345$q56:2<339$91995$sByzantinoslavica (Praha)
=910  \\$aABB060
=964  \\$a04.23.05
=964  \\$a05
=964  \\$aB80
=995  \\$aČeská Literární Bibliografie
=FMT  RS
=OWN  \\$aUCLA
=SIF  \\$ass
=ZAZ  \\$d1995$s56$z2$l339

