=LDR  01717nab a22004454a 4500
=001  001556486
=003  CZ\PrUCL
=005  20210119205654.0
=008  170104s1995\\\\xr\\\\\\\\\\\\|||\||rus\d
=022  \\$a0007-7712
=035  \\$a(ISIS-B80-ID)B9045228
=035  \\$a(ISIS-B80-MFN)92487
=040  \\$aABB060$bcze
=080  \\$a(048.8)$2MRF
=100  1\$aFlorja, Boris N.$4aut$xOPRAVA UCL
=245  10$aKirillo-mefodievskije tradicii v "Legende Kristiana" /$cBoris N. Florja.
=380  \\$iMajor genre$aSecondary literature$leng
=520  2\$aKristiánova legenda; studie (v ruštině).
=524  \\$aFLORJA, Boris N.: Kirillo-mefodievskije tradicii v "Legende Kristiana". Byzantinoslavica. Roč. 56, 1995, č. 3, s. 571-577.
=600  07$aKristián$cmnich,$d(929-996?)$7jk01063351$2czenas$1http://viaf.org/viaf/52981810
=600  07$aMethodius Sanctus$csvatý,$d(815-885)$7jn20000728411$2czenas$1http://viaf.org/viaf/1146522204932390318
=600  17$aZavadil, Blahoslav$d(1921-2000)$7jn20000728831$2czenas$1http://viaf.org/viaf/73758459
=650  04$aruská literární historie$xOPRAVA UCL
=650  04$astarší česká literatura$xOPRAVA UCL
=650  07$abohemistika$7ph118949$2czenas
=650  07$aosobnosti$7ph115615$2czenas
=650  \7$aCzech literature$2ELB-n
=655  \7$astudie$7fd133597$2czenas
=773  0\$tByzantinoslavica$x0007-7712$gRoč. 56, 1995, č. 3, s. 571-577$q56:3<571$91995$sByzantinoslavica (Praha)
=787  08$tKristiánova legenda$4legenda
=910  \\$aABB060
=964  \\$a03.02
=964  \\$a04.23.05
=964  \\$a05
=964  \\$aB80
=995  \\$aČeská Literární Bibliografie
=FMT  RS
=OWN  \\$aUCLA
=SIF  \\$ass
=ZAZ  \\$d1995$s56$z3$l571

