=LDR  01799nab a22003974a 4500
=001  001556487
=003  CZ\PrUCL
=008  170104s1995\\\\xr\\\\\\\\\\\\|||\||cze\d
=035  \\$a(ISIS-B80-ID)B9045229
=035  \\$a(ISIS-B80-MFN)92488
=040  \\$aABB060$bcze
=080  \\$a(0:82-95)$2MRF
=100  1\$aMikušťáková, Anna$d(1964- )$7xx0139257$4aut$1http://viaf.org/viaf/175739936
=245  10$aPavol Jozef Šafárik, Dejiny slovanského jazyka a literatúry všetkých nárečí /$cAnna Mikušťáková
=380  \\$iMajor genre$aSecondary literature$leng
=520  2\$aŠafařík Pavel Josef; recenze.
=524  \\$aMIKUŠŤÁKOVÁ, Anna: Pavol Jozef Šafárik, Dejiny slovanského jazyka a literatúry všetkých nárečí. Slavia. Roč. 64, 1995, č. 3, s. 309-310.
=600  17$aŠafárik, Pavel Jozef$d(1795-1861)$7jk01122355$2czenas$1http://viaf.org/viaf/106968086
=600  17$aŠafárik, Pavel Jozef$d(1795-1861)$7jk01122355$2czenas$1http://viaf.org/viaf/106968086
=650  07$aosobnosti$7ph115615$2czenas
=650  07$aslavistika$7ph116178$2czenas
=650  07$aslovenská literatura$7ph125661$2czenas
=650  \7$aSlovak literature$2ELB-n
=655  \7$arecenze$7fd133231$2czenas
=773  0\$tSlavia$x0037-6736$gRoč. 64, 1995, č. 3, s. 309-310$q64:3<309$91995$sSlavia (Praha)
=787  08$iRecenze na:$aŠafárik, Pavol Jozef$tDejiny slovanského jazyka a literatúry všetkých nárečí$k(Spisy Pavla Jozefa Šafárika ; sv. 1)$h416 s.$dKošice : Východoslovenské vydavatel'stvo pre Univerzitu P.J.Šafárika v Košiciach, 1992$4spis
=910  \\$aABB060
=964  \\$a04.25
=964  \\$a05
=964  \\$aB80
=995  \\$aČeská Literární Bibliografie
=FMT  RS
=OWN  \\$aUCLA
=SIF  \\$ass
=ZAR  \\$s416 s.$hspis
=ZAZ  \\$d1995$s64$z3$l309

