=LDR  01558nab a22004334a 4500
=001  001556488
=003  CZ\PrUCL
=005  20200710084409.0
=008  170104s1995\\\\xr\\\\\\\\\\\\|||\||cze\d
=022  \\$a0037-6736
=035  \\$a(ISIS-B80-ID)B9045230
=035  \\$a(ISIS-B80-MFN)92489
=040  \\$aABB060$bcze
=080  \\$a(0:82-95)$2MRF
=100  1\$aMěšťan, Antonín$4aut$xOPRAVA UCL
=245  10$aVladimír Svatoň, Epické zdroje románu /$cAntonín Měšťan.
=380  \\$iMajor genre$aSecondary literature$leng
=520  2\$aRecenze.
=524  \\$aMĚŠŤAN, Antonín: Vladimír Svatoň, Epické zdroje románu. Slavia. Roč. 64, 1995, č. 3, s. 317-318.
=600  17$aSvatoň, Vladimír$d(1931-2018)$7jk01121856$2czenas$1http://viaf.org/viaf/68162636
=648  \7$a1991-2000$7ch460587$2czenas
=650  04$aromány$xOPRAVA UCL
=650  04$ačeská literární teorie$xOPRAVA UCL
=650  07$aepika$7ph117901$2czenas
=650  07$aosobnosti$7ph115615$2czenas
=650  \7$aNovel$2ELB-g
=655  \7$arecenze$7fd133231$2czenas
=773  0\$tSlavia$x0037-6736$gRoč. 64, 1995, č. 3, s. 317-318$q64:3<317$91995$sSlavia (Praha)
=787  08$iRecenze na:$aSvatoň, Vladimír$tEpické zdroje románu$h139 s.$dPraha : Ústav pro českou a světovou literaturu AV ČR, 1993$4soubor statí
=910  \\$aABB060
=964  \\$a03.15.04
=964  \\$a05
=964  \\$aB80
=995  \\$aČeská Literární Bibliografie
=FMT  RS
=OWN  \\$aUCLA
=SIF  \\$ass
=ZAR  \\$s139 s.$hsoubor statí
=ZAZ  \\$d1995$s64$z3$l317

