=LDR  01479nab a22003974a 4500
=001  001556489
=003  CZ\PrUCL
=008  170104s1995\\\\xr\\\\\\\\\\\\|||\||cze\d
=035  \\$a(ISIS-B80-ID)B9045231
=035  \\$a(ISIS-B80-MFN)92490
=040  \\$aABB060$bcze
=080  \\$a(0:82-95)$2MRF
=100  1\$aZelenka, Miloš$4aut$xOPRAVA UCL
=245  10$aKvětoslav Chvatík, Strukturální estetika /$cMiloš Zelenka
=380  \\$iMajor genre$aSecondary literature$leng
=520  2\$aRecenze.
=524  \\$aZELENKA, Miloš: Květoslav Chvatík, Strukturální estetika. Slavia. Roč. 64, 1995, č. 3, s. 321-322.
=600  17$aChvatík, Květoslav$d(1930-2012)$7jk01050435$2czenas$1http://viaf.org/viaf/64021459
=648  \7$a1991-2000$7ch460587$2czenas
=650  04$ačeská literární teorie$xOPRAVA UCL
=650  07$aestetika$7ph117189$2czenas
=650  07$aosobnosti$7ph115615$2czenas
=650  07$astrukturalismus$7ph126151$2czenas
=655  \7$arecenze$7fd133231$2czenas
=773  0\$tSlavia$x0037-6736$gRoč. 64, 1995, č. 3, s. 321-322$q64:3<321$91995$sSlavia (Praha)
=787  08$iRecenze na:$aChvatík, Květoslav$tStrukturální estetika : Řád věcí a člověka$h88 s.$dPraha : Victoria Publishing, 1994$4monografie
=910  \\$aABB060
=964  \\$a03.15.04
=964  \\$a05
=964  \\$aB80
=995  \\$aČeská Literární Bibliografie
=FMT  RS
=OWN  \\$aUCLA
=SIF  \\$ass
=ZAR  \\$s88 s.$hmonografie
=ZAZ  \\$d1995$s64$z3$l321

