=LDR  02298nab a22005174a 4500
=001  001556490
=003  CZ\PrUCL
=005  20190902093846.0
=008  141208s1995\\\\xr\\\\\\\\\\\\|||\||cze\d
=022  \\$a0037-6736
=035  \\$a(ISIS-B80-ID)B9045232
=035  \\$a(ISIS-B80-MFN)92491
=040  \\$aABB060$bcze
=080  \\$a(0:82-95)$2MRF
=100  1\$aKolár, Jaroslav$d(1929-2013)$7jk01061212$4aut$1http://viaf.org/viaf/4981868
=245  10$aStředověká latinská literatura v horizontu současné literární historie /$cJaroslav Kolár.
=380  \\$iMajor genre$aSecondary literature$leng
=520  2\$aRecenze; též recenze výboru Sestra Múza (Světská poezie latinského středověku), usp. A. Vidmanová (Praha, Odeon 1990, 575 s.).
=524  \\$aKOLÁR, Jaroslav: Středověká latinská literatura v horizontu současné literární historie. Slavia. Roč. 64, 1995, č. 3, s. 322-324.
=600  17$aMatl, Jiří$d(1952- )$7xx0054362$2czenas$1http://viaf.org/viaf/85650728
=600  17$aSilagiová, Zuzana$d(1949- )$7mzk2003213245$2czenas$1http://viaf.org/viaf/75945433
=600  17$aVidmanová, Anežka$d(1929-2010)$7jk01142304$2czenas$1http://viaf.org/viaf/59128226
=648  \7$a1951-2000$7ch460577$2czenas
=650  04$alatinská literatura$xOPRAVA UCL
=650  04$astarší česká literatura$xOPRAVA UCL
=650  04$ačeská literární historie$xOPRAVA UCL
=650  07$aosobnosti$7ph115615$2czenas
=650  07$astředověk$7ph126223$2czenas
=650  \7$aLatin literature$2ELB-n
=650  \7$aCzech literature$2ELB-n
=655  \7$arecenze$7fd133231$2czenas
=773  0\$tSlavia$x0037-6736$gRoč. 64, 1995, č. 3, s. 322-324$q64:3<322$91995$sSlavia (Praha)
=787  08$iRecenze na:$aVidmanová, Anežka$tLaborintus : Latinská literatura středověkých Čech$nK vydání připravili Jiří Matl, Zuzana Silagiová$h226 s.$dPraha : KLP, 1994$4soubor studií
=787  08$iRecenze na:$tSestra Múza : světská poezie latinského středověku$4antologie
=910  \\$aABB060
=964  \\$a03.02
=964  \\$a03.16.05
=964  \\$a04.33
=964  \\$a05
=964  \\$aB80
=995  \\$aČeská Literární Bibliografie
=FMT  RS
=OWN  \\$aUCLA
=SIF  \\$ass
=ZAR  \\$s226 s.$hsoubor studií
=ZAZ  \\$d1995$s64$z3$l322

