=LDR  01815nab a22004454a 4500
=001  001556492
=003  CZ\PrUCL
=005  20210309115433.0
=008  170104s1995\\\\xr\\\\\\\\\\\\|||\||cze\d
=022  \\$a1211-0663
=035  \\$a(ISIS-B80-ID)B9045234
=035  \\$a(ISIS-B80-MFN)92493
=040  \\$aABB060$bcze
=080  \\$a(048.8)$2MRF
=100  1\$aPetrů, Eduard$d(1928-2006)$7jk01092841$4aut$1http://viaf.org/viaf/27078693
=245  10$aKlášter Hradisko a hanácké zpěvohry /$cEduard Petrů.
=380  \\$iMajor genre$aSecondary literature$leng
=520  2\$aPříspěvek ze sborníku z 10. mezioborového sympozia Historická Olomouc (konaného 28. a 29. září 1994 v Olomouci), zaměřeného k problematice premonstrátského kláštera Hradiska a barokní kultuře na Moravě; zejména o dvou zpěvohrách Ignáce Plumlovského).
=524  \\$aPETRŮ, Eduard: Klášter Hradisko a hanácké zpěvohry. Historická Olomouc. Sv. 10, 1995, s. 35-40.
=600  17$aPlumlovský, Ignác$d(1703-1759)$7kup19990000077629$2czenas$1http://viaf.org/viaf/11332697
=611  24$aHistorická Olomouc$n(10. :$d1994)
=650  04$astarší česká literatura
=650  07$adějiny$7ph114390$2czenas
=650  07$ahry se zpěvy$7ph317327$2czenas
=650  07$ahudba$7ph114719$2czenas
=650  07$apremonstráti$7ph124587$2czenas
=651  \7$aHaná (Česko)$7ge129228$2czenas
=651  \7$aOlomouc (Česko)$7ge130299$2czenas
=655  \7$astudie$7fd133597$2czenas
=773  0\$tHistorická Olomouc$x1211-0663$gSv. 10, 1995, s. 35-40$q10<35$91995$sHistorická Olomouc
=910  \\$aABB060
=964  \\$a02.06
=964  \\$a02.10.02
=964  \\$a03.02.03
=964  \\$aB80
=995  \\$aČeská Literární Bibliografie
=FMT  RS
=OWN  \\$aUCLA
=SIF  \\$ass
=ZAZ  \\$d1995$s10$l35

