=LDR  01784nab a22004334a 4500
=001  001556493
=003  CZ\PrUCL
=008  170104e19960115xr\\\\\\\\\\\\|||\||cze\d
=035  \\$a(ISIS-B80-ID)B9045235
=035  \\$a(ISIS-B80-MFN)92494
=040  \\$aABB060$bcze
=080  \\$a(046)$2MRF
=100  1\$aVšetička, František$d(1932- )$7jk01151091$4aut$1http://viaf.org/viaf/10255637
=245  10$aŠvejk a Ganghofer /$cFrantišek Všetička
=380  \\$iMajor genre$aSecondary literature$leng
=520  2\$aO návštěvě hrobu německého spisovatele L. G., současníka: Hašek Jaroslav; jeho prózy (zmiňované v: Osudy dobrého vojáka Švejka) převáděl do češtiny: Moravec Bedřich.
=524  \\$aVŠETIČKA, František: Švejk a Ganghofer. Alternativa nova. Roč. 2, 1996, č. 5, 15. 1., s. 1.
=600  14$aHašek, Jaroslav$d(1883-1923)$xOPRAVA UCL$1http://viaf.org/viaf/4931097
=600  17$aGanghofer, Ludwig$d(1855-1920)$7jn20010601150$2czenas$1http://viaf.org/viaf/59072154
=600  17$aMoravec, Bedřich$d(1859-1936)$7jk01082041$2czenas$1http://viaf.org/viaf/46489330
=650  07$aliterární komparatistika$7ph137146$2czenas
=650  07$aněmecká próza$7ph123499$2czenas
=650  07$aosobnosti$7ph115615$2czenas
=650  07$apřekladatelství$7ph124891$2czenas
=650  \7$aGerman literature$2ELB-n
=655  \7$ačlánky$7fd133976$2czenas
=773  0\$tAlternativa nova$gRoč. 2, 1996, č. 5, 15. 1., s. 1$q2:5<1$919960115
=787  08$aHašek, Jaroslav$tOsudy dobrého vojáka Švejka$4YYY
=910  \\$aABB060
=964  \\$a02.07
=964  \\$a02.08
=964  \\$a04.17.02
=964  \\$a05
=964  \\$aB80
=995  \\$aČeská Literární Bibliografie
=FMT  RS
=OWN  \\$aUCLA
=SIF  \\$ass
=ZAZ  \\$d19960115$s2$z5$l1

