=LDR  01531nab a22003974a 4500
=001  001556494
=003  CZ\PrUCL
=008  170104e19960115xr\\\\\\\\\\\\|||\||cze\d
=035  \\$a(ISIS-B80-ID)B9045236
=035  \\$a(ISIS-B80-MFN)92495
=040  \\$aABB060$bcze
=080  \\$a(047.6)$2MRF
=100  1\$aVšetička, František$d(1932- )$7jk01151091$4aut$1http://viaf.org/viaf/10255637
=245  10$aO polské literatuře na polském Těšínsku /$cFrantišek Všetička
=380  \\$iMajor genre$aSecondary literature$leng
=520  2\$aO tzv. kresové kultuře (vztahující se k pomezním oblastem na východě) a jejích reprezentantech; v těchto souvislostech též o současných těšínských kresech.
=524  \\$aVŠETIČKA, František: O polské literatuře na polském Těšínsku. Alternativa nova. Roč. 2, 1996, č. 5, 15. 1., s. 2.
=648  \7$a1991-2000$7ch460587$2czenas
=650  07$aliterární komparatistika$7ph137146$2czenas
=650  07$apolská literatura$7ph115805$2czenas
=650  07$ačeská literatura$7ph116858$2czenas
=650  \7$aPolish literature$2ELB-n
=650  \7$aCzech literature$2ELB-n
=651  \4$aTěšínsko$xOPRAVA UCL
=655  \7$apoznámky$7fd133108$2czenas
=773  0\$tAlternativa nova$gRoč. 2, 1996, č. 5, 15. 1., s. 2$q2:5<2$919960115
=910  \\$aABB060
=964  \\$a02.07
=964  \\$a03.15
=964  \\$a04.19
=964  \\$aB80
=995  \\$aČeská Literární Bibliografie
=FMT  RS
=OWN  \\$aUCLA
=SIF  \\$ass
=ZAZ  \\$d19960115$s2$z5$l2

