=LDR  01599nab a22003854a 4500
=001  001556495
=003  CZ\PrUCL
=008  170104e19960115xr\\\\\\\\\\\\|||\||cze\d
=035  \\$a(ISIS-B80-ID)B9045237
=035  \\$a(ISIS-B80-MFN)92496
=040  \\$aABB060$bcze
=080  \\$a(047)$2MRF
=100  1\$aSoldán, Ladislav$d(1938- )$7jk01120381$4aut$1http://viaf.org/viaf/46774079
=245  10$aProměňování krve ve víno poezie :$b(Nad uvedením výboru z životního díla Jiřího Kuběny.) /$cLadislav Soldán
=380  \\$iMajor genre$aSecondary literature$leng
=520  2\$aReferát o večeru u příležitosti vydání knihy J. K. Krev ve víno (Olomouc, Votobia 1995), konaném v Domě umění města Brna 20. listopadu 1995.
=524  \\$aSOLDÁN, Ladislav: Proměňování krve ve víno poezie : (Nad uvedením výboru z životního díla Jiřího Kuběny. ). Alternativa nova. Roč. 2, 1996, č. 5, 15. 1., s. 2.
=600  14$aKrev, ve víno$xOPRAVA UCL
=600  17$aKuběna, Jiří$d(1936-2017)$7jk01070307$2czenas$1http://viaf.org/viaf/15031525
=648  \7$a1951-2000$7ch460577$2czenas
=650  07$aosobnosti$7ph115615$2czenas
=650  07$ačeská poezie$7ph150471$2czenas
=650  \7$aCzech literature$2ELB-n
=650  \7$aPoetry$2ELB-g
=655  \7$areferáty$7fd133236$2czenas
=773  0\$tAlternativa nova$gRoč. 2, 1996, č. 5, 15. 1., s. 2$q2:5<2$919960115
=910  \\$aABB060
=964  \\$a03.16.01
=964  \\$a05
=964  \\$aB80
=995  \\$aČeská Literární Bibliografie
=FMT  RS
=OWN  \\$aUCLA
=SIF  \\$ass
=ZAZ  \\$d19960115$s2$z5$l2

