=LDR  01179nab a22003254a 4500
=001  001556496
=003  CZ\PrUCL
=008  170104e19960115xr\\\\\\\\\\\\|||\||cze\d
=035  \\$a(ISIS-B80-ID)B9045238
=035  \\$a(ISIS-B80-MFN)92497
=040  \\$aABB060$bcze
=080  \\$a(0:82-94)$2MRF
=100  1\$aŠajtar, Drahomír$d(1922-2009)$7jk01122411$4aut$1http://viaf.org/viaf/15776531
=245  10$aNad poezií F.A.Šípka (1.1.1921-2.2.1981) /$cDrahomír Šajtar
=380  \\$iMajor genre$aLiterature$leng
=381  \\$iMajor genre$aOther$leng
=520  2\$aJubilejní medailón.
=524  \\$aŠAJTAR, Drahomír: Nad poezií F. A. Šípka (1. 1. 1921-2. 2. 1981). Alternativa nova. Roč. 2, 1996, č. 5, 15. 1., s. 6.
=600  17$aŠípek, František Antonín$d(1921-1981)$7jk01130205$2czenas$1http://viaf.org/viaf/83922097
=650  07$aosobnosti$7ph115615$2czenas
=655  \7$amedailony$7fd185951$2czenas
=773  0\$tAlternativa nova$gRoč. 2, 1996, č. 5, 15. 1., s. 6$q2:5<6$919960115
=910  \\$aABB060
=964  \\$a05
=964  \\$aB80
=995  \\$aČeská Literární Bibliografie
=FMT  RS
=OWN  \\$aUCLA
=SIF  \\$ass
=ZAZ  \\$d19960115$s2$z5$l6

