=LDR  01109nab a22003374a 4500
=001  001556497
=003  CZ\PrUCL
=008  170104e19960115xr\\\\\\\\\\\\|||\||cze\d
=035  \\$a(ISIS-B80-ID)B9045239
=035  \\$a(ISIS-B80-MFN)92498
=040  \\$aABB060$bcze
=080  \\$a(047.6)$2MRF
=100  1\$aMojík, Ivan$d(1928-2007)$7ola2002152278$4aut$1http://viaf.org/viaf/14802481
=245  10$aSurrealisti bez surrealismu /$cIvan Mojík
=380  \\$iMajor genre$aLiterature$leng
=381  \\$iMajor genre$aOther$leng
=520  2\$aSurrealistické glosy.
=524  \\$aMOJÍK, Ivan: Surrealisti bez surrealismu. Alternativa nova. Roč. 2, 1996, č. 5, 15. 1., s. 6.
=650  04$asurrealismus$xOPRAVA UCL
=650  07$aslovenská literatura$7ph125661$2czenas
=650  \7$aSlovak literature$2ELB-n
=655  \7$aglosy$7fd185941$2czenas
=773  0\$tAlternativa nova$gRoč. 2, 1996, č. 5, 15. 1., s. 6$q2:5<6$919960115
=910  \\$aABB060
=964  \\$a04.25
=964  \\$aB80
=995  \\$aČeská Literární Bibliografie
=FMT  RS
=OWN  \\$aUCLA
=SIF  \\$ass
=ZAZ  \\$d19960115$s2$z5$l6

