=LDR  01721nab a22004214a 4500
=001  001556498
=003  CZ\PrUCL
=008  170104e19960115xr\\\\\\\\\\\\|||\||cze\d
=035  \\$a(ISIS-B80-ID)B9045240
=035  \\$a(ISIS-B80-MFN)92499
=040  \\$aABB060$bcze
=080  \\$a(0:82-95)$2MRF
=100  1\$aPavera, Libor$d(1972- )$7jn20001227312$4aut$1http://viaf.org/viaf/53806952
=245  10$aVýsledek loňské konference o intertextualitě /$cLibor Pavera
=380  \\$iMajor genre$aSecondary literature$leng
=520  2\$aBezručova Opava; recenze.
=524  \\$aPAVERA, Libor: Výsledek loňské konference o intertextualitě. Alternativa nova. Roč. 2, 1996, č. 5, 15. 1., s. 7.
=600  14$aBezručova, Opava$xOPRAVA UCL
=600  17$aHodrová, Daniela$d(1946- )$7jk01041474$2czenas$1http://viaf.org/viaf/119375397
=648  \4$a1901-2000$xOPRAVA UCL
=650  04$aliterárněvědné konference$xOPRAVA UCL
=650  04$ateorie literatury$xOPRAVA UCL
=650  07$ačeská literatura$7ph116858$2czenas
=650  \7$aCzech literature$2ELB-n
=655  \7$arecenze$7fd133231$2czenas
=773  0\$tAlternativa nova$gRoč. 2, 1996, č. 5, 15. 1., s. 7$q2:5<7$919960115
=787  08$iRecenze na:$tLiteratura v literatuře : Sborník referátů z literárněvědné konference 37.Bezručovy Opavy (13.-14.9.1994)$nRedigovala Daniela Hodrová$h143 s.$dPraha : Ústav pro českou literaturu AV ČR ; Opava : Slezská univerzita, 1995$4sborník
=910  \\$aABB060
=964  \\$a02.01
=964  \\$a02.10.02
=964  \\$a03.05
=964  \\$aB80
=995  \\$aČeská Literární Bibliografie
=FMT  RS
=OWN  \\$aUCLA
=SIF  \\$ass
=ZAR  \\$s143 s.$hsborník
=ZAZ  \\$d19960115$s2$z5$l7

