=LDR  01107nab a22003254a 4500
=001  001556499
=003  CZ\PrUCL
=008  170104e19960115xr\\\\\\\\\\\\|||\||cze\d
=035  \\$a(ISIS-B80-ID)B9045241
=035  \\$a(ISIS-B80-MFN)92500
=040  \\$aABB060$bcze
=080  \\$a(0:82-4)$2MRF
=100  1\$aPavlok, Bohumil$d(1922-2002)$7jk01092158$4aut$1http://viaf.org/viaf/50892612
=245  10$aBásníkova smrt /$cBohumil Pavlok
=380  \\$iMajor genre$aLiterature$leng
=381  \\$iMajor genre$aOther$leng
=520  2\$aPovídka o smrti K. H. M.
=524  \\$aPAVLOK, Bohumil: Básníkova smrt. Alternativa nova. Roč. 2, 1996, č. 5, 15. 1., s. 7-8.
=600  17$aMácha, Karel Hynek$d(1810-1836)$7jk01072915$2czenas$1http://viaf.org/viaf/95263761
=650  07$aosobnosti$7ph115615$2czenas
=655  \7$afejetony$7fd132252$2czenas
=773  0\$tAlternativa nova$gRoč. 2, 1996, č. 5, 15. 1., s. 7-8$q2:5<7$919960115
=910  \\$aABB060
=964  \\$a05
=964  \\$aB80
=995  \\$aČeská Literární Bibliografie
=FMT  RS
=OWN  \\$aUCLA
=SIF  \\$ass
=ZAZ  \\$d19960115$s2$z5$l7

