=LDR  01693nab a22004214a 4500
=001  001556500
=003  CZ\PrUCL
=005  20200811101607.0
=008  170104e199509\\xr\\\\\\\\\\\\|||\||cze\d
=035  \\$a(ISIS-B80-ID)B9045242
=035  \\$a(ISIS-B80-MFN)92501
=040  \\$aABB060$bcze
=080  \\$a(046)$2MRF
=100  0\$a(lp)$c[Slovenské listy]$4aut$xOPRAVA UCL
=245  10$aNáš Elán /$c(lp).
=380  \\$iMajor genre$aSecondary literature$leng
=520  2\$aÚvodní stať zahajující vydávání nové pravidelné přílohy časopisu Slovenské listy Elán (s podtitulem Mesačník pre literaturu a umenie), hlásící se k stejnojmenné meziválečné revue, kterou v Praze od r. 1930 vydával: Smrek Ján.
=524  \\$a(lp): Náš Elán. Slovenské listy. Roč. 3, 1995, č. 9, september/září, příl. Elán, roč. 1, č. 1, s. 2.
=600  17$aSmrek, Ján$d(1898-1982)$7jn19990210570$2czenas$1http://viaf.org/viaf/32018238
=650  04$aliterární časopisy a sborníky$xOPRAVA UCL
=650  07$aliterární komparatistika$7ph137146$2czenas
=650  07$aslovenská literatura$7ph125661$2czenas
=650  \7$aSlovak literature$2ELB-n
=655  \7$ačlánky$7fd133976$2czenas
=773  0\$tElán
=773  0\$tSlovenské listy$x1210-9118$gRoč. 3, 1995, č. 9, september/září, příl. Elán, roč. 1, č. 1, s. 2$q3:9<2$9199509$sSlovenské listy (Praha)
=787  08$tElán$4příloha
=787  08$tSlovenské listy$4časopis
=910  \\$aABB060
=964  \\$a02.07
=964  \\$a02.11
=964  \\$a04.25
=964  \\$aB80
=995  \\$aČeská Literární Bibliografie
=FMT  RS
=OWN  \\$aUCLA
=SIF  \\$ass
=ZAZ  \\$d199509$s3$z9$l2

