=LDR  01597nab a22003974a 4500
=001  001556501
=003  CZ\PrUCL
=008  170104e199509\\xr\\\\\\\\\\\\|||\||cze\d
=035  \\$a(ISIS-B80-ID)B9045243
=035  \\$a(ISIS-B80-MFN)92502
=040  \\$aABB060$bcze
=080  \\$a(046)$2MRF
=100  1\$aChmel, Rudolf$d(1939- )$7jn19990009856$4aut$1http://viaf.org/viaf/90716532
=245  10$aNaše slovenská otázka :$bdvaapol roka po 1.januári 1993 /$cRudolf Chmel
=380  \\$iMajor genre$aSecondary literature$leng
=520  2\$aO roli českých a slovenských spisovatelů při utváření česko-slovenských vztahů ve společném státě i při jeho rozdělení.
=524  \\$aCHMEL, Rudolf: Naše slovenská otázka : dvaapol roka po 1. januári 1993. Slovenské listy. Roč. 3, 1995, č. 9, september/září, příl. Elán, roč. 1, č. 1, s. 3-5.
=648  \4$a1901-2000$xOPRAVA UCL
=650  07$aliterární komparatistika$7ph137146$2czenas
=650  07$aslovenská literatura$7ph125661$2czenas
=650  07$ačeská literatura$7ph116858$2czenas
=650  \7$aSlovak literature$2ELB-n
=650  \7$aCzech literature$2ELB-n
=655  \7$ačlánky$7fd133976$2czenas
=773  0\$tElán
=773  0\$tSlovenské listy$x1210-9118$gRoč. 3, 1995, č. 9, september/září, příl. Elán, roč. 1, č. 1, s. 3-5$q3:9<3$9199509$sSlovenské listy (Praha)
=910  \\$aABB060
=964  \\$a02.07
=964  \\$a03.05
=964  \\$a04.25
=964  \\$aB80
=995  \\$aČeská Literární Bibliografie
=FMT  RS
=OWN  \\$aUCLA
=SIF  \\$ass
=ZAZ  \\$d199509$s3$z9$l3

