=LDR  02009nab a22004814a 4500
=001  001556502
=003  CZ\PrUCL
=008  170104e199509\\xr\\\\\\\\\\\\|||\||cze\d
=035  \\$a(ISIS-B80-ID)B9045244
=035  \\$a(ISIS-B80-MFN)92503
=040  \\$aABB060$bcze
=080  \\$a(0:82-95)$2MRF
=100  1\$aHoffmann, Bohuslav$d(1940- )$7jk01041503$4aut$1http://viaf.org/viaf/54300175
=245  10$aNeseďte tam tak v té turčianské kotlině, sakra! /$cBohuslav Hoffmann
=380  \\$iMajor genre$aSecondary literature$leng
=520  2\$aRecenze.
=524  \\$aHOFFMANN, Bohuslav: Neseďte tam tak v té turčianské kotlině, sakra!. Slovenské listy. Roč. 3, 1995, č. 9, september/září, příl. Elán, roč. 1, č. 1, s. 6-7.
=600  17$aKadlečík, Ivan$d(1938-2014)$7jn20000728271$2czenas$1http://viaf.org/viaf/29591693
=600  17$aKadlečíková, Iva$d(1938- )$7jo2012731850$2czenas$1http://viaf.org/viaf/288868244
=600  17$aVaculík, Ludvík$d(1926-2015)$7jk01141068$2czenas$1http://viaf.org/viaf/71404246
=648  \7$a1951-2000$7ch460577$2czenas
=650  07$aliterární komparatistika$7ph137146$2czenas
=650  07$aosobnosti$7ph115615$2czenas
=650  07$aslovenská literatura$7ph125661$2czenas
=650  07$ačeská literatura$7ph116858$2czenas
=650  \7$aSlovak literature$2ELB-n
=650  \7$aCzech literature$2ELB-n
=655  \7$arecenze$7fd133231$2czenas
=773  0\$tElán
=773  0\$tSlovenské listy$x1210-9118$gRoč. 3, 1995, č. 9, september/září, příl. Elán, roč. 1, č. 1, s. 6-7$q3:9<6$9199509$sSlovenské listy (Praha)
=787  08$iRecenze na:$aVaculík, Ludvík$tPoco rubato$nUsp. Iva Kadlečíková$dBratislava : Fragment, 1994$4soubor korespondence
=910  \\$aABB060
=964  \\$a02.07
=964  \\$a03.16
=964  \\$a04.25
=964  \\$a05
=964  \\$aB80
=995  \\$aČeská Literární Bibliografie
=FMT  RS
=OWN  \\$aUCLA
=SIF  \\$ass
=ZAR  \\$hsoubor korespondence
=ZAZ  \\$d199509$s3$z9$l6

