=LDR  01856nab a22004454a 4500
=001  001556503
=003  CZ\PrUCL
=005  20190909130434.0
=008  170104e199509\\xr\\\\\\\\\\\\|||\||cze\d
=035  \\$a(ISIS-B80-ID)B9045245
=035  \\$a(ISIS-B80-MFN)92504
=040  \\$aABB060$bcze
=080  \\$a(046)$2MRF
=100  1\$aPatera, Ludvík$d(1927-2003)$7jk01091891$4aut$1http://viaf.org/viaf/28468582
=245  10$aZ historie slovenského "kulturního konzulátu" /$cLudvík Patera.
=380  \\$iMajor genre$aSecondary literature$leng
=520  2\$aO meziválečné ediční činnosti J. Smreka a jeho spolupráci s nakladatelem: Mazáč Leopold při vydávání slovenských knih v Praze.
=524  \\$aPATERA, Ludvík: Z historie slovenského "kulturního konzulátu". Slovenské listy. Roč. 3, 1995, č. 9, september/září, příl. Elán, roč. 1, č. 1, s. 7.
=600  17$aMazáč, Leopold$d(1900-1948)$7jk01080976$2czenas$1http://viaf.org/viaf/32807339
=600  17$aSmrek, Ján$d(1898-1982)$7jn19990210570$2czenas$1http://viaf.org/viaf/32018238
=610  27$aL. Mazáč (nakladatelství)$7kn20050510080$2czenas
=650  04$anakladatelské otázky$xOPRAVA UCL
=650  07$aliterární komparatistika$7ph137146$2czenas
=650  07$aosobnosti$7ph115615$2czenas
=650  07$aslovenská literatura$7ph125661$2czenas
=650  \7$aSlovak literature$2ELB-n
=655  \7$ačlánky$7fd133976$2czenas
=773  0\$tElán
=773  0\$tSlovenské listy$x1210-9118$gRoč. 3, 1995, č. 9, september/září, příl. Elán, roč. 1, č. 1, s. 7$q3:9<7$9199509$sSlovenské listy (Praha)
=910  \\$aABB060
=964  \\$a02.07
=964  \\$a02.09.01
=964  \\$a04.25
=964  \\$a05
=964  \\$aB80
=995  \\$aČeská Literární Bibliografie
=FMT  RS
=OWN  \\$aUCLA
=SIF  \\$ass
=ZAZ  \\$d199509$s3$z9$l7

