=LDR  01793nab a22004574a 4500
=001  001556504
=003  CZ\PrUCL
=005  20200716133247.0
=008  150215e199510\\xr\\\\\\\\\\\\|||\||cze\d
=035  \\$a(ISIS-B80-ID)B9045246
=035  \\$a(ISIS-B80-MFN)92505
=040  \\$aABB060$bcze
=080  \\$a(048.8)$2MRF
=100  1\$aForst, Vladimír$d(1921-2010)$7jk01031611$4aut$1http://viaf.org/viaf/46793011
=245  10$aŠafařík a Palacký - symbol slovensko-českého tvůrčího přátelství /$cVladimír Forst.
=380  \\$iMajor genre$aSecondary literature$leng
=520  2\$aStudie.
=524  \\$aFORST, Vladimír: Šafařík a Palacký - symbol slovensko-českého tvůrčího přátelství. Slovenské listy. Roč. 3, 1995, č. 10, október/říjen, příl. Elán, roč. 1, č. 2, s. ?.
=600  14$aPalacký, František$d(1798-1876)$xOPRAVA UCL$1http://viaf.org/viaf/61602031
=600  17$aŠafárik, Pavel Jozef$d(1795-1861)$7jk01122355$2czenas$1http://viaf.org/viaf/106968086
=648  \4$a1775-1850$xOPRAVA UCL
=650  07$aliterární komparatistika$7ph137146$2czenas
=650  07$aosobnosti$7ph115615$2czenas
=650  07$aslovenská literatura$7ph125661$2czenas
=650  07$ačeská literatura$7ph116858$2czenas
=650  \7$aSlovak literature$2ELB-n
=650  \7$aCzech literature$2ELB-n
=655  \7$astudie$7fd133597$2czenas
=773  0\$tElán
=773  0\$tSlovenské listy$x1210-9118$gRoč. 3, 1995, č. 10, október/říjen, příl. Elán, roč. 1, č. 2, s. ?$q3:10$9199510$sSlovenské listy (Praha)
=910  \\$aABB060
=964  \\$a02.07
=964  \\$a03.03
=964  \\$a04.25
=964  \\$a05
=964  \\$aB80
=995  \\$aČeská Literární Bibliografie
=FMT  RS
=OWN  \\$aUCLA
=SIF  \\$ass
=ZAZ  \\$d199510$s3$z10

