=LDR  01653nab a22004334a 4500
=001  001556505
=003  CZ\PrUCL
=005  20210216145049.0
=008  170104e199511\\xr\\\\\\\\\\\\|||\||cze\d
=035  \\$a(ISIS-B80-ID)B9045247
=035  \\$a(ISIS-B80-MFN)92506
=040  \\$aABB060$bcze
=080  \\$a(0:82-4)$2MRF
=080  \\$a323.1:316.356.4$2MRF
=100  1\$aPatera, Ludvík$d(1927-2003)$7jk01091891$4aut$1http://viaf.org/viaf/28468582
=245  10$aDomov či svět? /$cLudvík Patera.
=380  \\$iMajor genre$aLiterature$leng
=381  \\$iMajor genre$aOther$leng
=520  2\$aÚvaha o tzv. malých literaturách (jmenovitě české a slovenské), o jejich vzájemném vztahu a postoji k otázce "národního" a "ne-národního" v kultuře.
=524  \\$aPATERA, Ludvík: Domov či svět?. Slovenské listy. Roč. 3, 1995, č. 11, november/listopad, příl. Elán, roč. 1, č. 3, s. 2.
=650  07$adějiny české literatury$7ph483973$2czenas
=650  07$aliterární komparatistika$7ph137146$2czenas
=650  07$anárody$7ph115507$2czenas
=650  07$aslovenská literatura$7ph125661$2czenas
=650  \7$aCzech literature$2ELB-n
=650  \7$aSlovak literature$2ELB-n
=655  \7$aúvahy$7fd134000$2czenas
=773  0\$tElán
=773  0\$tSlovenské listy$x1210-9118$gRoč. 3, 1995, č. 11, november/listopad, příl. Elán, roč. 1, č. 3, s. 2$q3:11<2$9199511$sSlovenské listy (Praha)
=910  \\$aABB060
=964  \\$a02.07
=964  \\$a03.01
=964  \\$a04.25
=964  \\$aB80
=995  \\$aČeská Literární Bibliografie
=FMT  RS
=OWN  \\$aUCLA
=SIF  \\$ass
=ZAZ  \\$d199511$s3$z11$l2

