=LDR  01361nab a22003854a 4500
=001  001556506
=003  CZ\PrUCL
=008  170104e199511\\xr\\\\\\\\\\\\|||\||cze\d
=035  \\$a(ISIS-B80-ID)B9045248
=035  \\$a(ISIS-B80-MFN)92507
=040  \\$aABB060$bcze
=080  \\$a(047.6)$2MRF
=100  1\$aMojík, Ivan$d(1928-2007)$7ola2002152278$4aut$1http://viaf.org/viaf/14802481
=245  10$aPaberky o Analogone /$cIvan Mojík
=380  \\$iMajor genre$aLiterature$leng
=381  \\$iMajor genre$aOther$leng
=520  2\$aGlosy k surrealismu a jeho revue.
=524  \\$aMOJÍK, Ivan: Paberky o Analogone. Slovenské listy. Roč. 3, 1995, č. 11, november/listopad, příl. Elán, roč. 1, č. 3, s. 3.
=650  04$aliterární časopisy a sborníky$xOPRAVA UCL
=650  04$asurrealismus$xOPRAVA UCL
=650  07$aslovenská literatura$7ph125661$2czenas
=650  \7$aSlovak literature$2ELB-n
=655  \7$aglosy$7fd185941$2czenas
=773  0\$tElán
=773  0\$tSlovenské listy$x1210-9118$gRoč. 3, 1995, č. 11, november/listopad, příl. Elán, roč. 1, č. 3, s. 3$q3:11<3$9199511$sSlovenské listy (Praha)
=787  08$tAnalogon$4YYY
=910  \\$aABB060
=964  \\$a02.11
=964  \\$a04.25
=964  \\$aB80
=995  \\$aČeská Literární Bibliografie
=FMT  RS
=OWN  \\$aUCLA
=SIF  \\$ass
=ZAZ  \\$d199511$s3$z11$l3

