=LDR  02154nab a22005534a 4500
=001  001556507
=003  CZ\PrUCL
=005  20170326225507.0
=008  170104e199511\\xr\\\\\\\\\\\\|||\||cze\d
=035  \\$a(ISIS-B80-ID)B9045249
=035  \\$a(ISIS-B80-MFN)92508
=040  \\$aABB060$bcze
=080  \\$a(048.8)$2MRF
=080  \\$a(0:82-4)$2MRF
=100  1\$aJanda, Josef$4aut$xOPRAVA UCL
=245  10$aNad jedním ...ismem /$cJosef Janda.
=380  \\$iMajor genre$aSecondary literature$leng
=380  \\$iMajor genre$aLiterature$leng
=381  \\$iMajor genre$aOther$leng
=520  2\$aStať inspirovaná českým vydáním knihy francouzského historika surrealismu: Nadeau Maurice, Dějiny surrealismu (Olomouc, Votobia 1994, přeložil: Havlíček Zbyněk).
=524  \\$aJANDA, Josef: Nad jedním ...ismem. Slovenské listy. Roč. 3, 1995, č. 11, november/listopad, příl. Elán, roč. 1, č. 3, s. 4-5.
=600  17$aHavlíček, Zbyněk$d(1922-1969)$7jk01040359$2czenas$1http://viaf.org/viaf/37741320
=600  17$aNadeau, Maurice$d(1911-2013)$7kup19950000068728$2czenas$1http://viaf.org/viaf/100194996
=648  \4$a1901-2000$xOPRAVA UCL
=650  04$aavantgarda$xOPRAVA UCL
=650  04$aliteratura (obecně)$xOPRAVA UCL
=650  04$asurrealismus$xOPRAVA UCL
=650  07$afrancouzská literatura$7ph120363$2czenas
=650  07$aslovenská literatura$7ph125661$2czenas
=650  07$ačeská literatura$7ph116858$2czenas
=650  \7$aFrench literature$2ELB-n
=650  \7$aSlovak literature$2ELB-n
=650  \7$aCzech literature$2ELB-n
=655  \7$astudie$7fd133597$2czenas
=655  \7$aúvahy$7fd134000$2czenas
=773  0\$tElán
=773  0\$tSlovenské listy$x1210-9118$gRoč. 3, 1995, č. 11, november/listopad, příl. Elán, roč. 1, č. 3, s. 4-5$q3:11<4$9199511$sSlovenské listy (Praha)
=787  08$aNadeau, Maurice$tDějiny surrealismu$4monografie
=910  \\$aABB060
=964  \\$a01
=964  \\$a03.05
=964  \\$a04.07
=964  \\$a04.25
=964  \\$aB80
=995  \\$aČeská Literární Bibliografie
=FMT  RS
=OWN  \\$aUCLA
=SIF  \\$ass
=ZAZ  \\$d199511$s3$z11$l4

