=LDR  02313nab a22004814a 4500
=001  001556508
=003  CZ\PrUCL
=005  20210305143630.0
=008  170104e199511\\xr\\\\\\\\\\\\|||\||cze\d
=035  \\$a(ISIS-B80-ID)B9045250
=035  \\$a(ISIS-B80-MFN)92509
=040  \\$aABB060$bcze
=080  \\$a(046)$2MRF
=100  1\$aDryje, František$d(1951- )$7jn19990218019$4aut$1http://viaf.org/viaf/19270106
=245  10$aZ jednoho těsta aneb Let básníkovy židle /$cFrantišek Dryje.
=380  \\$iMajor genre$aSecondary literature$leng
=520  2\$aStať k výstavě nazvané Z jednoho těsta (Praha, Galerie Mánes), uspořádané Skupinou českých a slovenských surrealistů k poctě svých předválečných předchůdců: Skupina surrealistů v ČSR; s otištěnými texty: Marenčin Albert, Stejskal Martin, Švankmajer Jan, Štyrský Jindřich (s. 6-7).
=524  \\$aDRYJE, František: Z jednoho těsta aneb Let básníkovy židle. Slovenské listy. Roč. 3, 1995, č. 11, november/listopad, příl. Elán, roč. 1, č. 3, s. 6.
=600  17$aMarenčin, Albert$d(1922-2019)$7ola2002151943$2czenas$1http://viaf.org/viaf/34612669
=600  17$aStejskal, Martin$d(1944- )$7jn99240001125$2czenas$1http://viaf.org/viaf/302361602
=600  17$aŠtyrský, Jindřich$d(1899-1942)$7jk01131599$2czenas$1http://viaf.org/viaf/27079482
=600  17$aŠvankmajer, Jan$d(1934- )$7jk01131834$2czenas$1http://viaf.org/viaf/115219363
=610  27$aSkupina surrealistů v ČSR$7xx0159603$2czenas
=650  07$aslovenská literatura$7ph125661$2czenas
=650  07$asurrealismus (literatura)$7ph126285$2czenas
=650  07$asurrealismus (umění)$7ph126286$2czenas
=650  07$avýtvarné umění$7ph116708$2czenas
=650  07$ačeská literatura$7ph116858$2czenas
=650  \7$aSlovak literature$2ELB-n
=650  \7$aCzech literature$2ELB-n
=655  \7$ačlánky$7fd133976$2czenas
=773  0\$tElán
=773  0\$tSlovenské listy$x1210-9118$gRoč. 3, 1995, č. 11, november/listopad, příl. Elán, roč. 1, č. 3, s. 6$q3:11<6$9199511$sSlovenské listy (Praha)
=910  \\$aABB060
=964  \\$a02.06
=964  \\$a03.05
=964  \\$a04.25
=964  \\$aB80
=995  \\$aČeská Literární Bibliografie
=FMT  RS
=OWN  \\$aUCLA
=SIF  \\$ass
=ZAZ  \\$d199511$s3$z11$l6

