=LDR  01679nab a22004214a 4500
=001  001556509
=003  CZ\PrUCL
=005  20170511175649.0
=008  170104e199602\\xr\\\\\\\\\\\\|||\||cze\d
=035  \\$a(ISIS-B80-ID)B9045251
=035  \\$a(ISIS-B80-MFN)92510
=040  \\$aABB060$bcze
=080  \\$a(046)$2MRF
=100  1\$aTomčík, Miloš$d(1922-2009)$7jk01132691$4aut$1http://viaf.org/viaf/49238587
=245  10$aOtvorené okná /$cMiloš Tomčík.
=380  \\$iMajor genre$aSecondary literature$leng
=520  2\$aO slovenské meziválečné revui vydávané v Praze od 1. září 1930, později přenesené do Bratislavy (vydavatel Ján Smrek); o programu a cílech současného Elánu.
=524  \\$aTOMČÍK, Miloš: Otvorené okná. Slovenské listy. Roč. 4, 1996, č. 2, február/únor, příl. Elán, roč. 2, č. 2, s. 2-3.
=600  17$aSmrek, Ján$d(1898-1982)$7jn19990210570$2czenas$1http://viaf.org/viaf/32018238
=650  04$aliterární časopisy a sborníky$xOPRAVA UCL
=650  07$aliterární komparatistika$7ph137146$2czenas
=650  07$aslovenská literatura$7ph125661$2czenas
=650  \7$aSlovak literature$2ELB-n
=655  \7$ačlánky$7fd133976$2czenas
=773  0\$tElán
=773  0\$tSlovenské listy$x1210-9118$gRoč. 4, 1996, č. 2, február/únor, příl. Elán, roč. 2, č. 2, s. 2-3$q4:2<2$9199602$sSlovenské listy (Praha)
=787  08$tElán$4novinová příloha
=787  08$tElán$4časopis
=910  \\$aABB060
=964  \\$a02.07
=964  \\$a02.11
=964  \\$a04.25
=964  \\$aB80
=995  \\$aČeská Literární Bibliografie
=FMT  RS
=OWN  \\$aUCLA
=SIF  \\$ass
=ZAZ  \\$d199602$s4$z2$l2

