=LDR  01781nab a22004214a 4500
=001  001556510
=003  CZ\PrUCL
=005  20181010200202.0
=008  170104e199602\\xr\\\\\\\\\\\\|||\||cze\d
=035  \\$a(ISIS-B80-ID)B9045252
=035  \\$a(ISIS-B80-MFN)92511
=040  \\$aABB060$bcze
=080  \\$a(0:82-95)$2MRF
=100  1\$aPatera, Ludvík$d(1927-2003)$7jk01091891$4aut$1http://viaf.org/viaf/28468582
=245  10$aTatarkovy hovory přes hranice /$cLudvík Patera.
=380  \\$iMajor genre$aSecondary literature$leng
=520  2\$aRecenze.
=524  \\$aPATERA, Ludvík: Tatarkovy hovory přes hranice. Slovenské listy. Roč. 4, 1996, č. 2, február/únor, příl. Elán, roč. 2, č. 2, s. 8-9.
=600  14$aČerný, Václav$d(1905-1987)$xOPRAVA UCL$1http://viaf.org/viaf/17220404
=600  17$aMlynárik, Ján$d(1933-2012)$7jn19990210437$2czenas$1http://viaf.org/viaf/2530905
=600  17$aTatarka, Dominik$d(1913-1989)$7jn19990008429$2czenas$1http://viaf.org/viaf/64028175
=650  07$aosobnosti$7ph115615$2czenas
=650  07$aslovenská próza$7ph125664$2czenas
=650  \7$aSlovak literature$2ELB-n
=655  \7$arecenze$7fd133231$2czenas
=773  0\$tElán
=773  0\$tSlovenské listy$x1210-9118$gRoč. 4, 1996, č. 2, február/únor, příl. Elán, roč. 2, č. 2, s. 8-9$q4:2<8$9199602$sSlovenské listy (Praha)
=787  08$iRecenze na:$aTatarka, Dominik$tHovory o kultúre a obcování$nEditor Ján Mlynárik ; předmluvu napsal Václav Černý$dPraha : Ipel', 1995$4soubor úvah a fejetonů
=910  \\$aABB060
=964  \\$a04.25.02
=964  \\$a05
=964  \\$aB80
=995  \\$aČeská Literární Bibliografie
=FMT  RS
=OWN  \\$aUCLA
=SIF  \\$ass
=ZAR  \\$hsoubor úvah a fejetonů
=ZAZ  \\$d199602$s4$z2$l8

