=LDR  01327nab a22003854a 4500
=001  001556511
=003  CZ\PrUCL
=008  170104e19960214xr\\\\\\\\\\\\|||\||cze\d
=035  \\$a(ISIS-B80-ID)B9045253
=035  \\$a(ISIS-B80-MFN)92512
=040  \\$aABB060$bcze
=080  \\$a(0:82-95)$2MRF
=100  0\$aMV$c[Nové knihy]$4aut$xOPRAVA UCL
=245  10$aRozloučení /$cMV
=380  \\$iMajor genre$aSecondary literature$leng
=520  2\$aRecenze.
=524  \\$aMV: Rozloučení. Nové knihy. Roč. 36, 1996, č. 6, 14. 2., s. 1.
=600  14$aKrejčí, Jaroslav$xOPRAVA UCL
=648  \7$a1981-1990$7ch460586$2czenas
=650  07$aosobnosti$7ph115615$2czenas
=650  07$ačeská literatura$7ph116858$2czenas
=650  \7$aCzech literature$2ELB-n
=655  \7$arecenze$7fd133231$2czenas
=773  0\$tNové knihy$x0322-922X$gRoč. 36, 1996, č. 6, 14. 2., s. 1$q36:6<1$919960214$sNové knihy
=787  08$iRecenze na:$aKrejčí, Jaroslav$tZpráva o pohřbu básníka Jaroslava Seiferta$dPraha : Volvox Globator : Kniha, grafika, bibliofilie, 1995$4fotografická publikace
=910  \\$aABB060
=964  \\$a03.14
=964  \\$a05
=964  \\$aB80
=995  \\$aČeská Literární Bibliografie
=FMT  RS
=OWN  \\$aUCLA
=SIF  \\$ass
=ZAR  \\$hfotografická publikace
=ZAZ  \\$d19960214$s36$z6$l1

