=LDR  01428nab a22003854a 4500
=001  001556512
=003  CZ\PrUCL
=008  170104e19960214xr\\\\\\\\\\\\|||\||cze\d
=035  \\$a(ISIS-B80-ID)B9045254
=035  \\$a(ISIS-B80-MFN)92513
=040  \\$aABB060$bcze
=245  00$aIdylická čítanka
=380  \\$iMajor genre$aSecondary literature$leng
=520  2\$aPoznámka k vydání.
=524  \\$aIdylická čítanka. Nové knihy. Roč. 36, 1996, č. 6, 14. 2., s. 2.
=600  14$aŠimek, Miloslav$xOPRAVA UCL
=600  17$aCimický, Jan$d(1948- )$7jk01020718$2czenas$1http://viaf.org/viaf/7449364
=600  17$aStárek, Zbyněk$d(1948- )$7xx0001352$2czenas$1http://viaf.org/viaf/63467382
=648  \7$a1991-2000$7ch460587$2czenas
=650  07$aosobnosti$7ph115615$2czenas
=650  07$ačeská literatura$7ph116858$2czenas
=650  \7$aCzech literature$2ELB-n
=655  \4$apoznámky k vydání$xOPRAVA UCL
=773  0\$tNové knihy$x0322-922X$gRoč. 36, 1996, č. 6, 14. 2., s. 2$q36:6<2$919960214$sNové knihy
=787  08$aCimický, Jan$tJak se z básníka stává psychiatr a naopak$nPředmluvu napsal Miloslav Šimek$dŽďár nad Sázavou : Impreso plus, 1995$4soubor textů
=910  \\$aABB060
=964  \\$a03.15
=964  \\$a05
=964  \\$aB80
=995  \\$aČeská Literární Bibliografie
=FMT  RS
=OWN  \\$aUCLA
=SIF  \\$ass
=ZAR  \\$hsoubor textů
=ZAZ  \\$d19960214$s36$z6$l2

