=LDR  01461nab a22004094a 4500
=001  001556513
=003  CZ\PrUCL
=005  20201021141714.0
=008  170104e19960214xr\\\\\\\\\\\\|||\||cze\d
=022  \\$a0322-922X
=035  \\$a(ISIS-B80-ID)B9045255
=035  \\$a(ISIS-B80-MFN)92514
=040  \\$aABB060$bcze
=080  \\$a(0:82-95)$2MRF
=100  1\$aBudín, Viktor$d(1970- )$7skuk0000181$4aut$1http://viaf.org/viaf/36202111
=245  10$aRostovský ďábel /$cViktor Budín.
=380  \\$iMajor genre$aSecondary literature$leng
=520  2\$aRecenze.
=524  \\$aBUDÍN, Viktor: Rostovský ďábel. Nové knihy. Roč. 36, 1996, č. 6, 14. 2., s. 2.
=600  17$aBorovička, Václav Pavel$q(Václav Pavel),$d(1920-2004)$7jk01012684$2czenas$1http://viaf.org/viaf/18070505
=648  \7$a1991-2000$7ch460587$2czenas
=650  07$aosobnosti$7ph115615$2czenas
=650  07$ačeská próza$7ph116861$2czenas
=650  \7$aCzech literature$2ELB-n
=655  \7$arecenze$7fd133231$2czenas
=773  0\$tNové knihy$x0322-922X$gRoč. 36, 1996, č. 6, 14. 2., s. 2$q36:6<2$919960214$sNové knihy
=787  08$iRecenze na:$aBorovička, Václav Pavel$tHon na vlkodlaka$dDialog, 1995$4kniha literatury faktu
=910  \\$aABB060
=964  \\$a03.15.02
=964  \\$a05
=964  \\$aB80
=995  \\$aČeská Literární Bibliografie
=FMT  RS
=OWN  \\$aUCLA
=SIF  \\$ass
=ZAR  \\$hkniha literatury faktu
=ZAZ  \\$d19960214$s36$z6$l2

