=LDR  01332nab a22003854a 4500
=001  001556514
=003  CZ\PrUCL
=008  170104e19960214xr\\\\\\\\\\\\|||\||cze\d
=035  \\$a(ISIS-B80-ID)B9045256
=035  \\$a(ISIS-B80-MFN)92515
=040  \\$aABB060$bcze
=080  \\$a(0:82-95)$2MRF
=100  1\$aVašák, Pavel$4aut$xOPRAVA UCL
=245  10$aKřeslo pro ředitele /$cPavel Vašák
=380  \\$iMajor genre$aSecondary literature$leng
=520  2\$aRecenze.
=524  \\$aVAŠÁK, Pavel: Křeslo pro ředitele. Nové knihy. Roč. 36, 1996, č. 6, 14. 2., s. 3.
=600  17$aSuchl, Jan$d(1928- )$7jk01121710$2czenas$1http://viaf.org/viaf/56623061
=648  \7$a1991-2000$7ch460587$2czenas
=650  07$aosobnosti$7ph115615$2czenas
=650  07$ačeská próza$7ph116861$2czenas
=650  \7$aCzech literature$2ELB-n
=655  \7$arecenze$7fd133231$2czenas
=773  0\$tNové knihy$x0322-922X$gRoč. 36, 1996, č. 6, 14. 2., s. 3$q36:6<3$919960214$sNové knihy
=787  08$iRecenze na:$aSuchl, Jan$tČas jako stvořený pro lásku$h159 s.$dPraha : Erika : Petra, 1995$4román
=910  \\$aABB060
=964  \\$a03.15.02
=964  \\$a05
=964  \\$aB80
=995  \\$aČeská Literární Bibliografie
=FMT  RS
=OWN  \\$aUCLA
=SIF  \\$ass
=ZAR  \\$s159 s.$hromán
=ZAZ  \\$d19960214$s36$z6$l3

