=LDR  01707nab a22004574a 4500
=001  001556515
=003  CZ\PrUCL
=008  170104e19960214xr\\\\\\\\\\\\|||\||cze\d
=035  \\$a(ISIS-B80-ID)B9045257
=035  \\$a(ISIS-B80-MFN)92516
=040  \\$aABB060$bcze
=080  \\$a(0:82-95)$2MRF
=100  1\$aBudín, Viktor$d(1970- )$7skuk0000181$4aut$1http://viaf.org/viaf/36202111
=245  10$aTéž pro slabší povahy :$bStaroanglické pohádky /$cViktor Budín
=380  \\$iMajor genre$aSecondary literature$leng
=520  2\$aRecenze.
=524  \\$aBUDÍN, Viktor: Též pro slabší povahy : Staroanglické pohádky. Nové knihy. Roč. 36, 1996, č. 6, 14. 2., s. 9.
=600  17$aVladislav, Jan$d(1923-2009)$7jk01150006$2czenas$1http://viaf.org/viaf/34464240
=648  \7$a1991-2000$7ch460587$2czenas
=650  04$ačeská literatura pro děti$xOPRAVA UCL
=650  07$aanglicky psaná próza$7ph118434$2czenas
=650  07$aosobnosti$7ph115615$2czenas
=650  07$apohádky$7ph124208$2czenas
=650  \7$aCzech literature$2ELB-n
=650  \7$aChildren's literature$2ELB-g
=650  \7$aEnglish literature$2ELB-n
=650  \7$aFairy tale$2ELB-g
=655  \7$arecenze$7fd133231$2czenas
=773  0\$tNové knihy$x0322-922X$gRoč. 36, 1996, č. 6, 14. 2., s. 9$q36:6<9$919960214$sNové knihy
=787  08$iRecenze na:$aVladislav, Jan$tPrincezna s lískovými oříšky$dPraha : Grafoprint-Neubert, 1995$4kniha pohádek
=910  \\$aABB060
=964  \\$a03.15.07
=964  \\$a04.01.02
=964  \\$a05
=964  \\$aB80
=995  \\$aČeská Literární Bibliografie
=FMT  RS
=OWN  \\$aUCLA
=SIF  \\$ass
=ZAR  \\$hkniha pohádek
=ZAZ  \\$d19960214$s36$z6$l9

