=LDR  01648nab a22004574a 4500
=001  001556516
=003  CZ\PrUCL
=005  20190227120929.0
=008  170104e19960214xr\\\\\\\\\\\\|||\||cze\d
=022  \\$a0322-922X
=035  \\$a(ISIS-B80-ID)B9045258
=035  \\$a(ISIS-B80-MFN)92517
=040  \\$aABB060$bcze
=080  \\$a(0:82-95)$2MRF
=245  00$aSvé srdce dětem :$bŠtěpánka vzpomíná.
=380  \\$iMajor genre$aSecondary literature$leng
=520  2\$aRecenze.
=524  \\$aSvé srdce dětem : Štěpánka vzpomíná. Nové knihy. Roč. 36, 1996, č. 6, 14. 2., s. 9.
=600  17$aHaničincová, Štěpánka$d(1931-1999)$7jn19981001402$2czenas$1http://viaf.org/viaf/65200171
=600  17$aKovářík, Vladimír$d(1946- )$7jn99240000515$2czenas$1http://viaf.org/viaf/84106086
=648  \7$a1951-2000$7ch460577$2czenas
=650  04$aliteratura pro děti$xOPRAVA UCL
=650  07$aosobnosti$7ph115615$2czenas
=650  07$atelevize$7ph126505$2czenas
=650  07$ačeská literatura$7ph116858$2czenas
=650  \7$aChildren's literature$2ELB-g
=650  \7$aCzech literature$2ELB-n
=655  \7$arecenze$7fd133231$2czenas
=773  0\$tNové knihy$x0322-922X$gRoč. 36, 1996, č. 6, 14. 2., s. 9$q36:6<9$919960214$sNové knihy
=787  08$iRecenze na:$aHaničincová, Štěpánka$tŠtěpánka$dŽďár nad Sázavou : Impreso plus, 1995$4kniha vzpomínek
=910  \\$aABB060
=964  \\$a02.03
=964  \\$a03.16
=964  \\$a05
=964  \\$aB80
=995  \\$aČeská Literární Bibliografie
=FMT  RS
=OWN  \\$aUCLA
=SIF  \\$ass
=ZAR  \\$hkniha vzpomínek
=ZAZ  \\$d19960214$s36$z6$l9

