=LDR  01720nab a22004214a 4500
=001  001556517
=003  CZ\PrUCL
=005  20210308150619.0
=008  170104e19960214xr\\\\\\\\\\\\|||\||cze\d
=022  \\$a0322-922X
=035  \\$a(ISIS-B80-ID)B9045259
=035  \\$a(ISIS-B80-MFN)92518
=040  \\$aABB060$bcze
=080  \\$a(047.53)$2MRF
=080  \\$a78:82$2MRF
=100  1\$aBerkovec, Jiří$d(1922-2008)$7jk01011858$4ive$1http://viaf.org/viaf/83666737
=245  10$aFenomén českého kantora :$bJiří Berkovec o J.J.Rybovi /$cJiří Berkovec ; ptal se Viktor Bezdíček.
=380  \\$iMajor genre$aLiterature$leng
=381  \\$iMajor genre$aOther$leng
=520  2\$aRozhovor s J. B., zejména o jeho monografii o: Ryba Jakub Jan (Jinočany, H & H).
=524  \\$aBERKOVEC, Jiří - BEZDÍČEK, Viktor: Fenomén českého kantora : Jiří Berkovec o J. J. Rybovi. Ptal se Viktor Bezdíček. Nové knihy. Roč. 36, 1996, č. 6, 14. 2., s. 12.
=600  17$aBerkovec, Jiří$d(1922-2008)$7jk01011858$2czenas$1http://viaf.org/viaf/83666737
=600  17$aRyba, Jakub Jan$d(1765-1815)$7jk01103232$2czenas$1http://viaf.org/viaf/76505912
=650  07$ahudba a literatura$7ph114720$2czenas
=650  07$ahudba$7ph114719$2czenas
=650  07$aosobnosti$7ph115615$2czenas
=655  \7$arozhovory$7fd133303$2czenas
=700  1\$aBezdíček, Viktor$4ivr$7xx0057234$1http://viaf.org/viaf/67695608
=773  0\$tNové knihy$x0322-922X$gRoč. 36, 1996, č. 6, 14. 2., s. 12$q36:6<12$919960214$sNové knihy
=910  \\$aABB060
=964  \\$a02.06
=964  \\$a05
=964  \\$aB80
=995  \\$aČeská Literární Bibliografie
=FMT  RS
=OWN  \\$aUCLA
=SIF  \\$ass
=ZAZ  \\$d19960214$s36$z6$l12

