=LDR  01179nab a22003494a 4500
=001  001556518
=003  CZ\PrUCL
=005  20180728232441.0
=008  170104e19960214xr\\\\\\\\\\\\|||\||cze\d
=022  \\$a0322-922X
=035  \\$a(ISIS-B80-ID)B9045260
=035  \\$a(ISIS-B80-MFN)92519
=040  \\$aABB060$bcze
=080  \\$a(0:82-4)$2MRF
=100  1\$aHájek, Tomáš$d(1964- )$7jn99240000340$4aut$1http://viaf.org/viaf/5346164661890003390000
=245  10$aPáral - erotik /$cTomáš Hájek.
=380  \\$iMajor genre$aLiterature$leng
=381  \\$iMajor genre$aOther$leng
=520  2\$aFejeton o V. P.
=524  \\$aHÁJEK, Tomáš: Páral - erotik. Nové knihy. Roč. 36, 1996, č. 6, 14. 2., s. 12.
=600  17$aPáral, Vladimír$d(1932- )$7jk01091743$2czenas$1http://viaf.org/viaf/113341183
=650  07$aosobnosti$7ph115615$2czenas
=655  \7$afejetony$7fd132252$2czenas
=773  0\$tNové knihy$x0322-922X$gRoč. 36, 1996, č. 6, 14. 2., s. 12$q36:6<12$919960214$sNové knihy
=910  \\$aABB060
=964  \\$a05
=964  \\$aB80
=995  \\$aČeská Literární Bibliografie
=FMT  RS
=OWN  \\$aUCLA
=SIF  \\$ass
=ZAZ  \\$d19960214$s36$z6$l12

