=LDR  01793nab a22004334a 4500
=001  001556521
=003  CZ\PrUCL
=005  20210309115257.0
=008  170104s1995\\\\xr\\\\\\\\\\\\|||\||cze\d
=022  \\$a0323-052X
=035  \\$a(ISIS-B80-ID)B9045263
=035  \\$a(ISIS-B80-MFN)92522
=040  \\$aABB060$bcze
=080  \\$a(048.8)$2MRF
=100  1\$aPernes, Jiří$d(1948- )$7jn19990209645$4aut$1http://viaf.org/viaf/267365054
=245  10$aO rozchodu dvou učených přátel aneb sto let České otázky /$cJiří Pernes.
=380  \\$iMajor genre$aSecondary literature$leng
=520  2\$aO polemice T. G. M. s: Kaizlem Josefem, předmětem sporu byly knihy T. G. M. Česká otázka a Naše nynější krize.
=524  \\$aPERNES, Jiří: O rozchodu dvou učených přátel aneb sto let České otázky. Časopis Matice moravské. Roč. 114, 1995, č. 2, s. 325-335.
=600  17$aKaizl, Josef$d(1854-1901)$7jk01052569$2czenas$1http://viaf.org/viaf/15881032
=600  17$aMasaryk, Tomáš Garrigue$d(1850-1937)$7jk01080472$2czenas$1http://viaf.org/viaf/56651696
=650  07$adějiny$7ph114390$2czenas
=650  07$apolitici$7ph115781$2czenas
=650  07$apolitika$7ph115795$2czenas
=650  07$ačeská otázka$7ph832262$2czenas
=655  \7$astudie$7fd133597$2czenas
=773  0\$tČasopis Matice moravské$x0323-052X$gRoč. 114, 1995, č. 2, s. 325-335$q114:2<325$91995$sČasopis Matice moravské (1968)
=787  08$aMasaryk, Tomáš Garrigue$tNaše nynější krize$4studie
=787  08$aMasaryk, Tomáš Garrigue$tČeská otázka$4studie
=910  \\$aABB060
=964  \\$a02.06
=964  \\$a03.07
=964  \\$a05
=964  \\$aB80
=995  \\$aČeská Literární Bibliografie
=FMT  RS
=OWN  \\$aUCLA
=SIF  \\$ass
=ZAZ  \\$d1995$s114$z2$l325

