=LDR  01564nab a22004214a 4500
=001  001556522
=003  CZ\PrUCL
=005  20190323172643.0
=008  170104s1995\\\\xr\\\\\\\\\\\\|||\||cze\d
=022  \\$a0323-052X
=035  \\$a(ISIS-B80-ID)B9045264
=035  \\$a(ISIS-B80-MFN)92523
=040  \\$aABB060$bcze
=080  \\$a(0:82-95)$2MRF
=100  1\$aBočková, Hana$d(1955- )$7mzk2005279382$4aut$1http://viaf.org/viaf/84617091
=245  10$aFridrich Bridel: Básnické dílo /$cHana Bočková.
=380  \\$iMajor genre$aSecondary literature$leng
=520  2\$aRecenze.
=524  \\$aBOČKOVÁ, Hana: Fridrich Bridel: Básnické dílo. Časopis Matice moravské. Roč. 114, 1995, č. 2, s. 381-382.
=600  14$aKopecký, Milan$xOPRAVA UCL
=600  17$aBridel, Bedřich$d(1619-1680)$7jk01013116$2czenas$1http://viaf.org/viaf/73052169
=650  04$astarší česká poezie$xOPRAVA UCL
=650  07$aosobnosti$7ph115615$2czenas
=650  \7$aCzech literature$2ELB-n
=650  \7$aPoetry$2ELB-g
=655  \7$arecenze$7fd133231$2czenas
=773  0\$tČasopis Matice moravské$x0323-052X$gRoč. 114, 1995, č. 2, s. 381-382$q114:2<381$91995$sČasopis Matice moravské (1968)
=787  08$iRecenze na:$aBridel, Fridrich$tBásnické dílo$nEditor Milan Kopecký$h446 s.$dPraha : Torst, 1994$4soubor díla
=910  \\$aABB060
=964  \\$a03.02.01
=964  \\$a05
=964  \\$aB80
=995  \\$aČeská Literární Bibliografie
=FMT  RS
=OWN  \\$aUCLA
=SIF  \\$ass
=ZAR  \\$s446 s.$hsoubor díla
=ZAZ  \\$d1995$s114$z2$l381

