=LDR  01724nab a22004334a 4500
=001  001556523
=003  CZ\PrUCL
=005  20190104101824.0
=008  170104s1995\\\\xr\\\\\\\\\\\\|||\||cze\d
=022  \\$a0323-052X
=035  \\$a(ISIS-B80-ID)B9045265
=035  \\$a(ISIS-B80-MFN)92524
=040  \\$aABB060$bcze
=045  \\$ax-x-
=080  \\$a(0:82-95)$2MRF
=100  1\$aHarna, Josef$d(1939-2015)$7jk01040025$4aut$1http://viaf.org/viaf/54182122
=245  10$aAlice Masaryková, Dětství a mládí /$cJosef Harna.
=380  \\$iMajor genre$aSecondary literature$leng
=520  2\$aMasaryk Tomáš Garrigue; recenze.
=524  \\$aHARNA, Josef: Alice Masaryková, Dětství a mládí. Časopis Matice moravské. Roč. 114, 1995, č. 2, s. 383-384.
=600  17$aMasaryk, Alice Garrigue$d(1879-1966)$7jk01080473$2czenas$1http://viaf.org/viaf/9979058
=600  17$aMasaryk, Tomáš Garrigue$d(1850-1937)$7jk01080472$2czenas$1http://viaf.org/viaf/56651696
=648  \7$a20. století$7ch460558$2czenas
=650  07$aosobnosti$7ph115615$2czenas
=650  07$ačeská literatura$7ph116858$2czenas
=650  \7$aCzech literature$2ELB-n
=655  \7$arecenze$7fd133231$2czenas
=773  0\$tČasopis Matice moravské$x0323-052X$gRoč. 114, 1995, č. 2, s. 383-384$q114:2<383$91995$sČasopis Matice moravské (1968)
=787  08$iRecenze na:$aMasaryková, Alice$tDětství a mládí : Vzpomínky a myšlenky$h130 s.$dPraha : Ústav T.G.Masaryka, 1994$4kniha vzpomínek
=910  \\$aABB060
=964  \\$a03.05
=964  \\$a05
=964  \\$aB80
=995  \\$aČeská Literární Bibliografie
=FMT  RS
=OWN  \\$aUCLA
=SIF  \\$ass
=ZAR  \\$s130 s.$hkniha vzpomínek
=ZAZ  \\$d1995$s114$z2$l383

