=LDR  02345nab a22004934a 4500
=001  001556524
=003  CZ\PrUCL
=005  20200514102547.0
=008  170104s1995\\\\xr\\\\\\\\\\\\|||\||cze\d
=022  \\$a0323-052X
=035  \\$a(ISIS-B80-ID)B9045266
=035  \\$a(ISIS-B80-MFN)92525
=040  \\$aABB060$bcze
=080  \\$a(0:82-95)$2MRF
=100  1\$aFilip, Aleš$d(1964- )$7jn20001005177$4aut$1http://viaf.org/viaf/45466232
=245  10$aAntonín Bartoněk - Bohuslav Beneš - Wolfgang Müller-Funk - Friedrich Polleross: Kulturführer, Waldviertel - Weinviertel - Südmähren /$cAleš Filip.
=380  \\$iMajor genre$aSecondary literature$leng
=520  2\$aRecenze.
=524  \\$aFILIP, Aleš: Antonín Bartoněk - Bohuslav Beneš - Wolfgang Müller-Funk - Friedrich Polleross: Kulturführer, Waldviertel - Weinviertel - Südmähren. Časopis Matice moravské. Roč. 114, 1995, č. 2, s. 392-397.
=600  17$aBartoněk, Antonín$d(1926-2016)$7jk01010872$2czenas$1http://viaf.org/viaf/54180931
=600  17$aBeneš, Bohuslav$d(1927-2014)$7jk01011570$2czenas$1http://viaf.org/viaf/44344999
=600  17$aMüller-Funk, Wolfgang$d(1952- )$7jn19990005950$2czenas$1http://viaf.org/viaf/110327588
=600  17$aPolleroß, Friedrich$d(1958- )$7kup19950000078234$2czenas$1http://viaf.org/viaf/219586932
=650  04$aučebnice, slovníky a příručky$xOPRAVA UCL
=650  07$adějiny české literatury$7ph483973$2czenas
=650  07$aněmecká literatura$7ph117246$2czenas
=650  \7$aCzech literature$2ELB-n
=650  \7$aGerman literature$2ELB-n
=651  \4$ajižní Morava$xOPRAVA UCL
=651  \7$aRakousko$7ge130612$2czenas
=655  \7$arecenze$7fd133231$2czenas
=773  0\$tČasopis Matice moravské$x0323-052X$gRoč. 114, 1995, č. 2, s. 392-397$q114:2<392$91995$sČasopis Matice moravské (1968)
=787  08$iRecenze na:$tKulturführer, Waldviertel - Weinviertel - Südmähren$nEditoři Antonín Bartoněk, Bohuslav Beneš, Wolfgang Müller-Funk, Friedrich Polleross$h414 s.$dWien : Franz Deuticke, 1993$4kulturní průvodce
=910  \\$aABB060
=964  \\$a02.12.04
=964  \\$a03.01
=964  \\$a04.17
=964  \\$aB80
=995  \\$aČeská Literární Bibliografie
=FMT  RS
=OWN  \\$aUCLA
=SIF  \\$ass
=ZAR  \\$s414 s.$hkulturní průvodce
=ZAZ  \\$d1995$s114$z2$l392

