=LDR  01620nab a22003854a 4500
=001  001556525
=003  CZ\PrUCL
=008  170104s1995\\\\xr\\\\\\\\\\\\|||\||cze\d
=035  \\$a(ISIS-B80-ID)B9045267
=035  \\$a(ISIS-B80-MFN)92526
=040  \\$aABB060$bcze
=080  \\$a(0:82-95)$2MRF
=100  1\$aŠmerda, Milan$d(1925-2008)$7jk01130548$4aut$1http://viaf.org/viaf/40390503
=245  10$aFrantišek Martin Pelcl /$cMilan Šmerda
=380  \\$iMajor genre$aSecondary literature$leng
=520  2\$aPelcl František Martin; recenze.
=524  \\$aŠMERDA, Milan: František Martin Pelcl. Časopis Matice moravské. Roč. 114, 1995, č. 2, s. 421-422.
=600  17$aPelcl, František Martin$d(1734-1801)$7jk01092429$2czenas$1http://viaf.org/viaf/67261781
=600  17$aTydlitát, Jan$d(1941- )$7jn20001103043$2czenas$1http://viaf.org/viaf/76559306
=648  \7$a1991-2000$7ch460587$2czenas
=650  04$ačeská literární historie$xOPRAVA UCL
=650  07$aosobnosti$7ph115615$2czenas
=655  \7$arecenze$7fd133231$2czenas
=773  0\$tČasopis Matice moravské$x0323-052X$gRoč. 114, 1995, č. 2, s. 421-422$q114:2<421$91995$sČasopis Matice moravské (1968)
=787  08$iRecenze na:$tFrantišek Martin Pelcl : Sborník příspěvků z odborného semináře II$nK vydání připravil Jan Tydlitát$h48 s.$dRychnov nad Kněžnou : Městský úřad, 1995$4sborník
=910  \\$aABB060
=964  \\$a03.15.05
=964  \\$a05
=964  \\$aB80
=995  \\$aČeská Literární Bibliografie
=FMT  RS
=OWN  \\$aUCLA
=SIF  \\$ass
=ZAR  \\$s48 s.$hsborník
=ZAZ  \\$d1995$s114$z2$l421

