=LDR  01627nab a22004094a 4500
=001  001556526
=003  CZ\PrUCL
=005  20200616141328.0
=008  170104s1995\\\\xr\\\\\\\\\\\\|||\||cze\d
=022  \\$a0323-052X
=035  \\$a(ISIS-B80-ID)B9045268
=035  \\$a(ISIS-B80-MFN)92527
=040  \\$aABB060$bcze
=080  \\$a(0:82-95)$2MRF
=100  1\$aHanuš, Jiří$d(1963- )$7jn20000400877$4aut$1http://viaf.org/viaf/17549904
=245  10$aJaroslav Kadlec: Jan Valerián Jirsík /$cJiří Hanuš.
=380  \\$iMajor genre$aSecondary literature$leng
=520  2\$aJirsík Jan Valerián; recenze.
=524  \\$aHANUŠ, Jiří: Jaroslav Kadlec: Jan Valerián Jirsík. Časopis Matice moravské. Roč. 114, 1995, č. 2, s. 423-424.
=600  17$aJirsík, Jan Valerian$d(1798-1883)$7jk01051953$2czenas$1http://viaf.org/viaf/13151277
=600  17$aKadlec, Jaroslav$d(1911-2004)$7jk01052427$2czenas$1http://viaf.org/viaf/61559967
=648  \7$a1991-2000$7ch460587$2czenas
=650  04$ačeská literární historie$xOPRAVA UCL
=650  07$aosobnosti$7ph115615$2czenas
=655  \7$arecenze$7fd133231$2czenas
=773  0\$tČasopis Matice moravské$x0323-052X$gRoč. 114, 1995, č. 2, s. 423-424$q114:2<423$91995$sČasopis Matice moravské (1968)
=787  08$iRecenze na:$aKadlec, Jaroslav$tJan Valerián Jirsík$h126 s.$dČeské Budějovice : Setkání, 1993$4monografie
=910  \\$aABB060
=964  \\$a03.15.05
=964  \\$a05
=964  \\$aB80
=995  \\$aČeská Literární Bibliografie
=FMT  RS
=OWN  \\$aUCLA
=SIF  \\$ass
=ZAR  \\$s126 s.$hmonografie
=ZAZ  \\$d1995$s114$z2$l423

