=LDR  01539nab a22003854a 4500
=001  001556527
=003  CZ\PrUCL
=008  170104s1995\\\\xr\\\\\\\\\\\\|||\||cze\d
=035  \\$a(ISIS-B80-ID)B9045269
=035  \\$a(ISIS-B80-MFN)92528
=040  \\$aABB060$bcze
=080  \\$a(0:82-95)$2MRF
=100  1\$aMalíř, Jiří$d(1949- )$7jk01073274$4aut$1http://viaf.org/viaf/93686219
=245  10$aRobert Sak: Rieger /$cJiří Malíř
=380  \\$iMajor genre$aSecondary literature$leng
=520  2\$aRieger František Ladislav; recenze.
=524  \\$aMALÍŘ, Jiří: Robert Sak: Rieger. Časopis Matice moravské. Roč. 114, 1995, č. 2, s. 426-429.
=600  17$aRieger, František Ladislav$cbaron,$d(1818-1903)$7jk01102434$2czenas$1http://viaf.org/viaf/50026160
=600  17$aSak, Robert$d(1933-2014)$7jk01110308$2czenas$1http://viaf.org/viaf/267076981
=648  \7$a1991-2000$7ch460587$2czenas
=650  04$ačeská literární historie$xOPRAVA UCL
=650  07$aosobnosti$7ph115615$2czenas
=655  \7$arecenze$7fd133231$2czenas
=773  0\$tČasopis Matice moravské$x0323-052X$gRoč. 114, 1995, č. 2, s. 426-429$q114:2<426$91995$sČasopis Matice moravské (1968)
=787  08$iRecenze na:$aSak, Robert$tRieger: Příběh Čecha devatenáctého věku$h325 s.$dSemily, 1993$4biografie
=910  \\$aABB060
=964  \\$a03.15.05
=964  \\$a05
=964  \\$aB80
=995  \\$aČeská Literární Bibliografie
=FMT  RS
=OWN  \\$aUCLA
=SIF  \\$ass
=ZAR  \\$s325 s.$hbiografie
=ZAZ  \\$d1995$s114$z2$l426

