=LDR  01619nab a22003974a 4500
=001  001556528
=003  CZ\PrUCL
=008  170104s1995\\\\xr\\\\\\\\\\\\|||\||cze\d
=035  \\$a(ISIS-B80-ID)B9045270
=035  \\$a(ISIS-B80-MFN)92529
=040  \\$aABB060$bcze
=080  \\$a(0:82-95)$2MRF
=100  1\$aHarna, Josef$d(1939-2015)$7jk01040025$4aut$1http://viaf.org/viaf/54182122
=245  10$aStanislav Polák: Masarykovi rodiče a antisemitský mýtus /$cJosef Harna
=380  \\$iMajor genre$aSecondary literature$leng
=520  2\$aMasaryk Tomáš Garrigue; recenze.
=524  \\$aHARNA, Josef: Stanislav Polák: Masarykovi rodiče a antisemitský mýtus. Časopis Matice moravské. Roč. 114, 1995, č. 2, s. 429-430.
=600  14$aPolák, Stanislav$xOPRAVA UCL
=600  17$aMasaryk, Tomáš Garrigue$d(1850-1937)$7jk01080472$2czenas$1http://viaf.org/viaf/56651696
=648  \7$a1991-2000$7ch460587$2czenas
=650  04$ačeská literární historie$xOPRAVA UCL
=650  07$aantisemitismus$7ph118516$2czenas
=650  07$aosobnosti$7ph115615$2czenas
=655  \7$arecenze$7fd133231$2czenas
=773  0\$tČasopis Matice moravské$x0323-052X$gRoč. 114, 1995, č. 2, s. 429-430$q114:2<429$91995$sČasopis Matice moravské (1968)
=787  08$iRecenze na:$aPolák, Stanislav$tMasarykovi rodiče a antisemitský mýtus$h79 s.$dPraha : Ústav T.G.Masaryka, 1995$4studie
=910  \\$aABB060
=964  \\$a03.15.05
=964  \\$a05
=964  \\$aB80
=995  \\$aČeská Literární Bibliografie
=FMT  RS
=OWN  \\$aUCLA
=SIF  \\$ass
=ZAR  \\$s79 s.$hstudie
=ZAZ  \\$d1995$s114$z2$l429

