=LDR  01627nab a22003974a 4500
=001  001556529
=003  CZ\PrUCL
=008  170104s1995\\\\xr\\\\\\\\\\\\|||\||cze\d
=035  \\$a(ISIS-B80-ID)B9045271
=035  \\$a(ISIS-B80-MFN)92530
=040  \\$aABB060$bcze
=080  \\$a(0:82-95)$2MRF
=100  1\$aHanzal, Josef$d(1934-2002)$7jk01033521$4aut$1http://viaf.org/viaf/205549930
=245  10$aStanislav Polák: T.G.Masaryk /$cJosef Hanzal
=380  \\$iMajor genre$aSecondary literature$leng
=500  \\$aKniha vyšla vl. n. autora ve 30 exemplářích.
=520  2\$aRecenze 1. dílu biografie: Masaryk Tomáš Garrigue.
=524  \\$aHANZAL, Josef: Stanislav Polák: T. G. Masaryk. Časopis Matice moravské. Roč. 114, 1995, č. 2, s. 431-433.
=600  14$aPolák, Stanislav$xOPRAVA UCL
=600  17$aMasaryk, Tomáš Garrigue$d(1850-1937)$7jk01080472$2czenas$1http://viaf.org/viaf/56651696
=648  \7$a1991-2000$7ch460587$2czenas
=650  04$ačeská literární historie$xOPRAVA UCL
=650  07$aosobnosti$7ph115615$2czenas
=655  \7$arecenze$7fd133231$2czenas
=773  0\$tČasopis Matice moravské$x0323-052X$gRoč. 114, 1995, č. 2, s. 431-433$q114:2<431$91995$sČasopis Matice moravské (1968)
=787  08$iRecenze na:$aPolák, Stanislav$tT. G. Masaryk : Za ideálem a pravdou. Kniha 1-3 (1850-1882)$h298 s.$dPraha : Vydavadelství DD, 1994$4monografie
=910  \\$aABB060
=964  \\$a03.15.05
=964  \\$a05
=964  \\$aB80
=995  \\$aČeská Literární Bibliografie
=FMT  RS
=OWN  \\$aUCLA
=SIF  \\$ass
=ZAR  \\$s298 s.$hmonografie
=ZAZ  \\$d1995$s114$z2$l431

