=LDR  01359nab a22003734a 4500
=001  001556530
=003  CZ\PrUCL
=005  20210305143535.0
=008  170104s1995\\\\xr\\\\\\\\\\\\|||\||cze\d
=022  \\$a0323-052X
=035  \\$a(ISIS-B80-ID)B9045272
=035  \\$a(ISIS-B80-MFN)92531
=040  \\$aABB060$bcze
=080  \\$a(0:82-94)$2MRF
=100  1\$aHanuš, Jiří$d(1963- )$7jn20000400877$4aut$1http://viaf.org/viaf/17549904
=245  10$aDominik Pecka k filozofii dějin /$cJiří Hanuš.
=380  \\$iMajor genre$aLiterature$leng
=381  \\$iMajor genre$aOther$leng
=520  2\$aJubilejní medailón k stému výročí narození D. P.
=524  \\$aHANUŠ, Jiří: Dominik Pecka k filozofii dějin. Časopis Matice moravské. Roč. 114, 1995, č. 2, s. 455.
=600  17$aPecka, Dominik$d(1895-1981)$7jk01092231$2czenas$1http://viaf.org/viaf/23541498
=650  07$akatoličtí kněží$7ph114899$2czenas
=650  07$ačeští spisovatelé$7ph128175$2czenas
=655  \7$amedailony$7fd185951$2czenas
=773  0\$tČasopis Matice moravské$x0323-052X$gRoč. 114, 1995, č. 2, s. 455$q114:2<455$91995$sČasopis Matice moravské (1968)
=910  \\$aABB060
=964  \\$a02.06
=964  \\$a05
=964  \\$aB80
=995  \\$aČeská Literární Bibliografie
=FMT  RS
=OWN  \\$aUCLA
=SIF  \\$ass
=ZAZ  \\$d1995$s114$z2$l455

