=LDR  02087nab a22004574a 4500
=001  001556531
=003  CZ\PrUCL
=005  20210309114432.0
=008  170104s1995\\\\xr\\\\\\\\\\\\|||\||cze\d
=022  \\$a0037-6922
=035  \\$a(ISIS-B80-ID)B9045273
=035  \\$a(ISIS-B80-MFN)92532
=040  \\$aABB060$bcze
=080  \\$a(0:82-6)$2MRF
=080  \\$a(0:82-95)$2MRF
=100  1\$aŠimeček, Zdeněk$d(1929-2019)$7jk01123016$4aut$1http://viaf.org/viaf/235552513
=245  10$aK personální bibliografii Jana Slavíka /$cZdeněk Šimeček.
=380  \\$iMajor genre$aSecondary literature$leng
=380  \\$iMajor genre$aLiterature$leng
=381  \\$iMajor genre$aOther$leng
=520  2\$aSlavík Jan; recenze; v příloze (s. 371-372) otištěny Slavíkovy dopisy: Král Václav (z 26. 6. 1867) a redakci biograficko-bibliografického slovníku Československé práce o jazyce, dějinách a kultře slovanských národů od r. 1760 (z 18. 2. 1968).
=524  \\$aŠIMEČEK, Zdeněk: K personální bibliografii Jana Slavíka. Slovanský přehled. Roč. 81, 1995, č. 4, s. 370-371.
=600  14$aKrál, Václav
=600  17$aBouček, Jaroslav$d(1952- )$7jo2002139392$2czenas$1http://viaf.org/viaf/100376127
=600  17$aSlavík, Jan$d(1885-1978)$7jk01111861$2czenas$1http://viaf.org/viaf/101084491
=650  07$abibliografie$7ph118867$2czenas
=650  07$aslavistika$7ph116178$2czenas
=655  \7$akorespondence$7fd132681$2czenas
=655  \7$arecenze$7fd133231$2czenas
=773  0\$tSlovanský přehled$x0037-6922$gRoč. 81, 1995, č. 4, s. 370-371$q81:4<370$91995$sSlovanský přehled
=787  08$iRecenze na:$tJan Slavík : 1885-1978. Bibliografie$nUsp. a úvodní studii napsal Jaroslav Bouček$k(Bibliografie Slovanské knihovny)$h125 s.$dPraha : Národní knihovna : Slovanská knihovna, 1994$4bibliografie
=910  \\$aABB060
=964  \\$a02.06
=964  \\$a02.12.01
=964  \\$aB80
=995  \\$aČeská Literární Bibliografie
=FMT  RS
=OWN  \\$aUCLA
=SIF  \\$ass
=ZAR  \\$s125 s.$hbibliografie
=ZAZ  \\$d1995$s81$z4$l370

