=LDR  01372nab a22003734a 4500
=001  001556542
=003  CZ\PrUCL
=005  20210312161303.0
=008  170104s1990\\\\xr\\\\\\\\\\\\|||\||cze\d
=022  \\$a0231-5947
=035  \\$a(ISIS-B80-ID)B9045284
=035  \\$a(ISIS-B80-MFN)92543
=040  \\$aABB060$bcze
=080  \\$a(046)$2MRF
=100  1\$aSvatoš, Michal$d(1947- )$7jk01121869$4aut$1http://viaf.org/viaf/29570430
=245  10$aRegionální historie a dějiny Univerzity Karlovy /$cMichal Svatoš.
=380  \\$iMajor genre$aSecondary literature$leng
=520  2\$aUniverzita Karlova; přehled jejího vývoje a pramenů sloužících mj. pro regionální bádání.
=524  \\$aSVATOŠ, Michal: Regionální historie a dějiny Univerzity Karlovy. Muzeum a současnost. Sv. 11, 1990, s. 7-12.
=610  27$aUniverzita Karlova$7kn20010710036$2czenas
=650  07$adějiny$7ph114390$2czenas
=650  07$aliteratura a dějiny$7ph367699$2czenas
=650  07$aregiony$7ph125072$2czenas
=650  07$auniverzity$7ph126937$2czenas
=655  \7$ačlánky$7fd133976$2czenas
=773  0\$tMuzeum a současnost$x0231-5947$gSv. 11, 1990, s. 7-12$q11<7$91990$sMuzeum a současnost
=910  \\$aABB060
=964  \\$a02.06
=964  \\$aB80
=995  \\$aČeská Literární Bibliografie
=FMT  RS
=OWN  \\$aUCLA
=SIF  \\$ass
=ZAZ  \\$d1990$s11$l7

