=LDR  01727nab a22004574a 4500
=001  001556543
=003  CZ\PrUCL
=005  20200824113914.0
=008  170104s1990\\\\xr\\\\\\\\\\\\|||\||cze\d
=022  \\$a0231-5947
=035  \\$a(ISIS-B80-ID)B9045285
=035  \\$a(ISIS-B80-MFN)92544
=040  \\$aABB060$bcze
=080  \\$a(0.072)$2MRF
=080  \\$a(047.6)$2MRF
=100  1\$aUhlíř, Zdeněk$d(1956- )$7jo20000082502$4aut$1http://viaf.org/viaf/66695487
=245  10$aRukopis z husitské doby v okresním archívu v Nehvizdech /$cZdeněk Uhlíř.
=380  \\$iMajor genre$aSecondary literature$leng
=380  \\$iMajor genre$aLiterature$leng
=381  \\$iMajor genre$aOther$leng
=520  2\$aKomentář k rukopisu latinského Nového zákona z počátku 15. století, zejména k českým glosám; připojen text zkoumaných glos jako příspěvek k dějinám českého překladu (s. 29-36).
=524  \\$aUHLÍŘ, Zdeněk: Rukopis z husitské doby v okresním archívu v Nehvizdech. Muzeum a současnost. Sv. 11, 1990, s. 23-29.
=650  04$abible$xOPRAVA UCL
=650  04$alatinská literatura$xOPRAVA UCL
=650  04$astarší česká literatura$xOPRAVA UCL
=650  07$apřekladatelství$7ph124891$2czenas
=650  \7$aLatin literature$2ELB-n
=650  \7$aCzech literature$2ELB-n
=655  \7$aglosy$7fd185941$2czenas
=655  \7$akomentáře$7fd132578$2czenas
=773  0\$tMuzeum a současnost$x0231-5947$gSv. 11, 1990, s. 23-29$q11<23$91990$sMuzeum a současnost
=910  \\$aABB060
=964  \\$a02.08
=964  \\$a03.02
=964  \\$a04.33
=964  \\$aB80
=995  \\$aČeská Literární Bibliografie
=FMT  RS
=OWN  \\$aUCLA
=SIF  \\$ass
=ZAZ  \\$d1990$s11$l23

