=LDR  03838nab a22006494a 4500
=001  001556549
=003  CZ\PrUCL
=005  20201113183643.0
=008  170104e199511\\xr\\\\\\\\\\\\|||\||cze\d
=035  \\$a(ISIS-B80-ID)B9045291
=035  \\$a(ISIS-B80-MFN)92550
=040  \\$aABB060$bcze
=080  \\$a(082)$2MRF
=080  \\$a(0:82-94)$2MRF
=245  00$aListopad '95 /$credakčně připravil a úvod Nedaleko je k listopadu napsal Petr Mazanec.
=380  \\$iMajor genre$aLiterature$leng
=381  \\$iMajor genre$aOther$leng
=500  \\$aB. m. n. Vydáno v nákladu 25 výtisků.
=520  2\$aGenerační sborník absolventů FFUK v Praze, mj. se vzpomínkovými příspěvky: Pavlovský Petr, O čem budou paměti naší generace?; Macura Vladimír, Autolustrace; Novotný Vladimír, Zemědělky, recenzování (věnováno: Vodička Karel a kulturní rubrice v: Zemědělské noviny); Daubner Juraj, Počítat své dny (o: Kryl Karel); s úvahami: Studnička Pavel, Naše dvě otázky na pokračování; Poslední Petr, Mapování prostoru (o: Gruša Jiří, Mimner aneb Hra o smrďocha; Martínek Lubomír, Linka č. 2; Binar Ivan, Kytovna umění; Hodrová Daniela, Podobojí); v oddílu Přílohy a dokumenty mj. : Trávníček Mojmír, Pohled na pět ročníků almanachu Listopad; Černý Václav, Projev přednesený 18. 11. 1945 na Mezinárodním sjezdu studentstva v Praze (uložen v Památníku národního písemnictví, edičně připravil P. Studnička); se základními údaji o autorech 6. ročníku.
=524  \\$aMAZANEC, Petr: Listopad '95. Listopad. Roč. 6, 1995, listopad, [88] s.
=600  14$aKryl, Karel$d(1944-1994)$xOPRAVA UCL$1http://viaf.org/viaf/64127142
=600  14$aMartínek, Lubomír$xOPRAVA UCL
=600  14$aNovotný, Vladimír$d(1946- )$xOPRAVA UCL$1http://viaf.org/viaf/71551516
=600  14$aČerný, Václav$d(1905-1987)$xOPRAVA UCL$1http://viaf.org/viaf/17220404
=600  17$aBinar, Ivan$d(1942- )$7jk01012120$2czenas$1http://viaf.org/viaf/64564205
=600  17$aDaubner, Juraj$7jx20060623011$2czenas$1http://viaf.org/viaf/49644580
=600  17$aGruša, Jiří$d(1938-2011)$7jk01032800$2czenas$1http://viaf.org/viaf/34457607
=600  17$aHodrová, Daniela$d(1946- )$7jk01041474$2czenas$1http://viaf.org/viaf/119375397
=600  17$aMacura, Vladimír$d(1945-1999)$7jk01072821$2czenas$1http://viaf.org/viaf/115858496
=600  17$aPavlovský, Petr$d(1944- )$7skuk0001560$2czenas$1http://viaf.org/viaf/9419968
=600  17$aPoslední, Petr$d(1945- )$7jn99240000899$2czenas$1http://viaf.org/viaf/63668144
=600  17$aStudnička, Pavel$d(1946-2015)$7jn99240001142$2czenas$1http://viaf.org/viaf/84107741
=600  17$aTrávníček, Mojmír$d(1931-2011)$7jn99240001204$2czenas$1http://viaf.org/viaf/2522798
=600  17$aVodička, Karel, -1985$7jz8001396$2czenas$1http://viaf.org/viaf/84454279
=648  \7$a1991-2000$7ch460587$2czenas
=650  04$aliterární časopisy a sborníky$xOPRAVA UCL
=650  07$ačeská literatura$7ph116858$2czenas
=650  \7$aCzech literature$2ELB-n
=655  \7$apaměti$7fd132997$2czenas
=655  \7$asborníky$7fd163935$2czenas
=700  1\$aMazanec, Petr$d(1945- )$4red$4aui$7js20060804022$1http://viaf.org/viaf/84252640
=773  0\$tListopad$gRoč. 6, 1995, listopad, [88] s.$q6<88$9199511
=787  08$aBinar, Ivan$tKytovna umění$4próza
=787  08$aGruša, Jiří$tMimner aneb Hra o smrďocha$4román
=787  08$aHodrová, Daniela$tPodobojí$4próza
=787  08$aMartínek, Lubomír$tLinka č. 2$4soubor úvah
=787  08$tListopad$4almanach
=787  08$tZemědělské noviny$4deník
=910  \\$aABB060
=964  \\$a02.11
=964  \\$a03.15
=964  \\$aB80
=995  \\$aČeská Literární Bibliografie
=FMT  RS
=OWN  \\$aUCLA
=SIF  \\$ass
=ZAZ  \\$d199511$s6$l88

