=LDR  01667nab a22004694a 4500
=001  001556550
=003  CZ\PrUCL
=005  20200109104224.0
=008  170104e19960221xr\\\\\\\\\\\\|||\||cze\d
=022  \\$a0322-922X
=035  \\$a(ISIS-B80-ID)B9045292
=035  \\$a(ISIS-B80-MFN)92551
=040  \\$aABB060$bcze
=080  \\$a(0:82-95)$2MRF
=100  0\$aMV$c[Nové knihy]$4aut$xOPRAVA UCL
=245  10$aSlovník spisovatelů přichází... /$cMV.
=380  \\$iMajor genre$aSecondary literature$leng
=520  2\$aRecenze.
=524  \\$aMV: Slovník spisovatelů přichází. Nové knihy. Roč. 36, 1996, č. 7, 21. 2., s. 1.
=600  17$aJanoušek, Pavel$d(1956- )$7jn20000710066$2czenas$1http://viaf.org/viaf/100305833
=648  \7$a1941-1950$7ch460582$2czenas
=648  \7$a1951-2000$7ch460577$2czenas
=648  \7$a1991-2000$7ch460587$2czenas
=650  04$aučebnice, slovníky a příručky$xOPRAVA UCL
=650  04$ačeská literární historie$xOPRAVA UCL
=650  07$ačeská literatura$7ph116858$2czenas
=650  \7$aCzech literature$2ELB-n
=655  \7$arecenze$7fd133231$2czenas
=773  0\$tNové knihy$x0322-922X$gRoč. 36, 1996, č. 7, 21. 2., s. 1$q36:7<1$919960221$sNové knihy
=787  08$iRecenze na:$tSlovník českých spisovatelů od roku 1945 : Díl 1. A-L$nVedoucí autorského kolektivu Pavel Janoušek$dPraha : Brána, 1995$4slovník
=910  \\$aABB060
=964  \\$a02.12.04
=964  \\$a03.10
=964  \\$a03.15.05
=964  \\$a03.16
=964  \\$aB80
=995  \\$aČeská Literární Bibliografie
=FMT  RS
=OWN  \\$aUCLA
=SIF  \\$ass
=ZAR  \\$hslovník
=ZAZ  \\$d19960221$s36$z7$l1

