=LDR  01384nab a22003974a 4500
=001  001556551
=003  CZ\PrUCL
=008  170104e19960221xr\\\\\\\\\\\\|||\||cze\d
=035  \\$a(ISIS-B80-ID)B9045293
=035  \\$a(ISIS-B80-MFN)92552
=040  \\$aABB060$bcze
=080  \\$a(0:82-95)$2MRF
=100  1\$aVacík, Miloš$4aut$xOPRAVA UCL
=245  10$aPrvní návrat Jana Skácela /$cMiloš Vacík
=380  \\$iMajor genre$aSecondary literature$leng
=520  2\$aRecenze.
=524  \\$aVACÍK, Miloš: První návrat Jana Skácela. Nové knihy. Roč. 36, 1996, č. 7, 21. 2., s. 1.
=600  14$aSkácel, Jan$d(1922-1989)$7jk01111393$2czenas$1http://viaf.org/viaf/115824377
=648  \7$a1951-2000$7ch460577$2czenas
=650  07$aosobnosti$7ph115615$2czenas
=650  07$ačeská poezie$7ph150471$2czenas
=650  \7$aCzech literature$2ELB-n
=650  \7$aPoetry$2ELB-g
=655  \7$arecenze$7fd133231$2czenas
=773  0\$tNové knihy$x0322-922X$gRoč. 36, 1996, č. 7, 21. 2., s. 1$q36:7<1$919960221$sNové knihy
=787  08$iRecenze na:$aSkácel, Jan$tBásně : Sv.1.$dBrno : Blok, 1995$4soubor básnických sbírek
=910  \\$aABB060
=964  \\$a03.16.01
=964  \\$a05
=964  \\$aB80
=995  \\$aČeská Literární Bibliografie
=FMT  RS
=OWN  \\$aUCLA
=SIF  \\$ass
=ZAR  \\$hsoubor básnických sbírek
=ZAZ  \\$d19960221$s36$z7$l1

