=LDR  01285nab a22003734a 4500
=001  001556552
=003  CZ\PrUCL
=008  170104e19960221xr\\\\\\\\\\\\|||\||cze\d
=035  \\$a(ISIS-B80-ID)B9045294
=035  \\$a(ISIS-B80-MFN)92553
=040  \\$aABB060$bcze
=100  0\$aJiV$c[Nové knihy]$4aut$xOPRAVA UCL
=245  10$aDuchovní vyznání /$cJiV
=380  \\$iMajor genre$aSecondary literature$leng
=520  2\$aPoznámka k vydání.
=524  \\$aJiV: Duchovní vyznání. Nové knihy. Roč. 36, 1996, č. 7, 21. 2., s. 2.
=600  17$aZvěřina, Josef$d(1913-1990)$7jn19981002448$2czenas$1http://viaf.org/viaf/50414102
=648  \7$a1951-2000$7ch460577$2czenas
=650  07$aosobnosti$7ph115615$2czenas
=650  07$ačeská literatura$7ph116858$2czenas
=650  \7$aCzech literature$2ELB-n
=655  \4$apoznámky k vydání$xOPRAVA UCL
=773  0\$tNové knihy$x0322-922X$gRoč. 36, 1996, č. 7, 21. 2., s. 2$q36:7<2$919960221$sNové knihy
=787  08$aZvěřina, Josef$tPět cest k radosti$dPraha : Zvon, 1995$4výbor z díla
=910  \\$aABB060
=964  \\$a03.16
=964  \\$a05
=964  \\$aB80
=995  \\$aČeská Literární Bibliografie
=FMT  RS
=OWN  \\$aUCLA
=SIF  \\$ass
=ZAR  \\$hvýbor z díla
=ZAZ  \\$d19960221$s36$z7$l2

