=LDR  01354nab a22003854a 4500
=001  001556553
=003  CZ\PrUCL
=008  170104e19960221xr\\\\\\\\\\\\|||\||cze\d
=035  \\$a(ISIS-B80-ID)B9045295
=035  \\$a(ISIS-B80-MFN)92554
=040  \\$aABB060$bcze
=100  0\$a/jš/$c[Nové knihy]$4aut$xOPRAVA UCL
=245  10$aTajemno lákavé i nedobytné /$c/jš/
=380  \\$iMajor genre$aSecondary literature$leng
=520  2\$aPoznámka k vydání.
=524  \\$a/jš/: Tajemno lákavé i nedobytné. Nové knihy. Roč. 36, 1996, č. 7, 21. 2., s. 2.
=600  17$aRůt, Pavel$d(1967- )$7mzk2003175610$2czenas$1http://viaf.org/viaf/59237330
=648  \7$a1991-2000$7ch460587$2czenas
=650  07$aosobnosti$7ph115615$2czenas
=650  07$ačeská próza$7ph116861$2czenas
=650  \7$aCzech literature$2ELB-n
=651  \4$aPraha$xOPRAVA UCL
=655  \4$apoznámky k vydání$xOPRAVA UCL
=773  0\$tNové knihy$x0322-922X$gRoč. 36, 1996, č. 7, 21. 2., s. 2$q36:7<2$919960221$sNové knihy
=787  08$aRůt, Pavel$tPražské tajemno$b2., upravené vydání$dPraha : Volvox Globator, 1995$4průvodce
=910  \\$aABB060
=964  \\$a03.15.02
=964  \\$a05
=964  \\$aB80
=995  \\$aČeská Literární Bibliografie
=FMT  RS
=OWN  \\$aUCLA
=SIF  \\$ass
=ZAR  \\$hprůvodce
=ZAZ  \\$d19960221$s36$z7$l2

