=LDR  01397nab a22003854a 4500
=001  001556554
=003  CZ\PrUCL
=008  170104e19960221xr\\\\\\\\\\\\|||\||cze\d
=035  \\$a(ISIS-B80-ID)B9045296
=035  \\$a(ISIS-B80-MFN)92555
=040  \\$aABB060$bcze
=080  \\$a(0:82-95)$2MRF
=100  1\$aBudín, Viktor$d(1970- )$7skuk0000181$4aut$1http://viaf.org/viaf/36202111
=245  10$aChaunovo pozdní odpoledne /$cViktor Budín
=380  \\$iMajor genre$aSecondary literature$leng
=520  2\$aRecenze.
=524  \\$aBUDÍN, Viktor: Chaunovo pozdní odpoledne. Nové knihy. Roč. 36, 1996, č. 7, 21. 2., s. 3.
=600  17$aChaun, Igor$d(1963- )$7jn19990009853$2czenas$1http://viaf.org/viaf/22994224
=648  \7$a1991-2000$7ch460587$2czenas
=650  07$aosobnosti$7ph115615$2czenas
=650  07$ačeská próza$7ph116861$2czenas
=650  \7$aCzech literature$2ELB-n
=655  \7$arecenze$7fd133231$2czenas
=773  0\$tNové knihy$x0322-922X$gRoč. 36, 1996, č. 7, 21. 2., s. 3$q36:7<3$919960221$sNové knihy
=787  08$iRecenze na:$aChaun, Igor$tDeník aneb Smrt režiséra : (1989-1993)$dPraha : Erm, 1995$4deníkové zápisy
=910  \\$aABB060
=964  \\$a03.15.02
=964  \\$a05
=964  \\$aB80
=995  \\$aČeská Literární Bibliografie
=FMT  RS
=OWN  \\$aUCLA
=SIF  \\$ass
=ZAR  \\$hdeníkové zápisy
=ZAZ  \\$d19960221$s36$z7$l3

