=LDR  01416nab a22003854a 4500
=001  001556555
=003  CZ\PrUCL
=008  170104e19960221xr\\\\\\\\\\\\|||\||cze\d
=035  \\$a(ISIS-B80-ID)B9045297
=035  \\$a(ISIS-B80-MFN)92556
=040  \\$aABB060$bcze
=080  \\$a(0:82-95)$2MRF
=100  1\$aŠibrava, Vladimír$d(1930-2012)$7jk01122860$4aut$1http://viaf.org/viaf/73864426
=245  10$a"Velké" události malých lidí /$cVladimír Šibrava
=380  \\$iMajor genre$aSecondary literature$leng
=520  2\$aRecenze.
=524  \\$aŠIBRAVA, Vladimír: "Velké" události malých lidí. Nové knihy. Roč. 36, 1996, č. 7, 21. 2., s. 3.
=600  17$aBiliánová, Popelka$d(1862-1941)$7jk01012077$2czenas$1http://viaf.org/viaf/33313805
=648  \4$a1901-1920$xOPRAVA UCL
=650  07$aosobnosti$7ph115615$2czenas
=650  07$ačeská próza$7ph116861$2czenas
=650  \7$aCzech literature$2ELB-n
=655  \7$arecenze$7fd133231$2czenas
=773  0\$tNové knihy$x0322-922X$gRoč. 36, 1996, č. 7, 21. 2., s. 3$q36:7<3$919960221$sNové knihy
=787  08$iRecenze na:$aBiliánová, Popelka$tVšem ke štěstí$dPraha : Český spisovatel, 1995$4tři prózy
=910  \\$aABB060
=964  \\$a03.07.02
=964  \\$a05
=964  \\$aB80
=995  \\$aČeská Literární Bibliografie
=FMT  RS
=OWN  \\$aUCLA
=SIF  \\$ass
=ZAR  \\$htři prózy
=ZAZ  \\$d19960221$s36$z7$l3

