=LDR  01246nab a22003734a 4500
=001  001556556
=003  CZ\PrUCL
=008  170104e19960221xr\\\\\\\\\\\\|||\||cze\d
=035  \\$a(ISIS-B80-ID)B9045298
=035  \\$a(ISIS-B80-MFN)92557
=040  \\$aABB060$bcze
=100  0\$aWie$c[Nové knihy]$4aut$xOPRAVA UCL
=245  10$a"Růžová dáma" podruhé /$cWie
=380  \\$iMajor genre$aSecondary literature$leng
=520  2\$aPoznámka k vydání.
=524  \\$aWie: "Růžová dáma" podruhé. Nové knihy. Roč. 36, 1996, č. 7, 21. 2., s. 3.
=600  14$aProcházková, Lenka$xOPRAVA UCL
=648  \7$a1981-1990$7ch460586$2czenas
=650  07$aosobnosti$7ph115615$2czenas
=650  07$ačeská próza$7ph116861$2czenas
=650  \7$aCzech literature$2ELB-n
=655  \4$apoznámky k vydání$xOPRAVA UCL
=773  0\$tNové knihy$x0322-922X$gRoč. 36, 1996, č. 7, 21. 2., s. 3$q36:7<3$919960221$sNové knihy
=787  08$aProcházková, Lenka$tRůžová dáma$b2. vyd.$dLiberec : Tiberone, 1995$4román
=910  \\$aABB060
=964  \\$a03.14.02
=964  \\$a05
=964  \\$aB80
=995  \\$aČeská Literární Bibliografie
=FMT  RS
=OWN  \\$aUCLA
=SIF  \\$ass
=ZAR  \\$hromán
=ZAZ  \\$d19960221$s36$z7$l3

