=LDR  01472nab a22004214a 4500
=001  001556557
=003  CZ\PrUCL
=008  170104e19960221xr\\\\\\\\\\\\|||\||cze\d
=035  \\$a(ISIS-B80-ID)B9045299
=035  \\$a(ISIS-B80-MFN)92558
=040  \\$aABB060$bcze
=080  \\$a(0:82-95)$2MRF
=100  1\$aNejedlý, Jan$d(1971- )$4aut$xOPRAVA UCL$1http://viaf.org/viaf/84978125
=245  10$aNěco o indiánech /$cJan Nejedlý
=380  \\$iMajor genre$aSecondary literature$leng
=520  2\$aRecenze.
=524  \\$aNEJEDLÝ, Jan: Něco o indiánech. Nové knihy. Roč. 36, 1996, č. 7, 21. 2., s. 9.
=545  0\$aJanosch, pseudonym
=600  07$aJanosch$d(1931- )$7jn20000603195$2czenas$1http://viaf.org/viaf/79149131
=648  \7$a1991-2000$7ch460587$2czenas
=650  04$apseudonymy$xOPRAVA UCL
=650  04$ačeská literatura pro děti$xOPRAVA UCL
=650  07$aosobnosti$7ph115615$2czenas
=650  \7$aCzech literature$2ELB-n
=650  \7$aChildren's literature$2ELB-g
=655  \7$arecenze$7fd133231$2czenas
=773  0\$tNové knihy$x0322-922X$gRoč. 36, 1996, č. 7, 21. 2., s. 9$q36:7<9$919960221$sNové knihy
=787  08$iRecenze na:$aJanosch$tHonzo, ty jsi indián$dPraha : Hynek, 1995$4kniha pro děti
=910  \\$aABB060
=964  \\$a03.15.07
=964  \\$a05
=964  \\$aB80
=995  \\$aČeská Literární Bibliografie
=FMT  RS
=OWN  \\$aUCLA
=SIF  \\$ass
=ZAR  \\$hkniha pro děti
=ZAZ  \\$d19960221$s36$z7$l9

