=LDR  01861nab a22004694a 4500
=001  001556558
=003  CZ\PrUCL
=005  20210308150803.0
=008  170104e19960221xr\\\\\\\\\\\\|||\||cze\d
=022  \\$a0322-922X
=035  \\$a(ISIS-B80-ID)B9045300
=035  \\$a(ISIS-B80-MFN)92559
=040  \\$aABB060$bcze
=080  \\$a(047.53)$2MRF
=080  \\$a82:101$2MRF
=100  1\$aKroupa, Daniel$d(1949- )$7jn20000710342$4ive$1http://viaf.org/viaf/46390356
=245  10$aTajemství svobody :$bŽivotní téma Daniela Kroupy /$cDaniel Kroupa ; ptal se Tomáš Hájek.
=380  \\$iMajor genre$aLiterature$leng
=381  \\$iMajor genre$aOther$leng
=520  2\$aRozhovor s D. K., zejména o jeho knize rozhovorů Svoboda a řád (vydává nakladatelství Éos).
=524  \\$aKROUPA, Daniel - HÁJEK, Tomáš: Tajemství svobody : Životní téma Daniela Kroupy. Ptal se Tomáš Hájek. Nové knihy. Roč. 36, 1996, č. 7, 21. 2., s. 12.
=600  17$aKroupa, Daniel$d(1949- )$7jn20000710342$2czenas$1http://viaf.org/viaf/46390356
=648  \7$a1991-2000$7ch460587$2czenas
=650  07$afilozofie$7ph114540$2czenas
=650  07$aliteratura a filozofie$7ph122368$2czenas
=650  07$aosobnosti$7ph115615$2czenas
=650  07$ačeská próza$7ph116861$2czenas
=650  \7$aCzech literature$2ELB-n
=655  \7$arozhovory$7fd133303$2czenas
=700  1\$aHájek, Tomáš$d(1964- )$4ivr$7jn99240000340$1http://viaf.org/viaf/5346164661890003390000
=773  0\$tNové knihy$x0322-922X$gRoč. 36, 1996, č. 7, 21. 2., s. 12$q36:7<12$919960221$sNové knihy
=787  08$aKroupa, Daniel$tSvoboda a řád$4rozhovory
=910  \\$aABB060
=964  \\$a02.06
=964  \\$a03.15.02
=964  \\$a05
=964  \\$aB80
=995  \\$aČeská Literární Bibliografie
=FMT  RS
=OWN  \\$aUCLA
=SIF  \\$ass
=ZAZ  \\$d19960221$s36$z7$l12

