=LDR  01501nab a22003974a 4500
=001  001556559
=003  CZ\PrUCL
=008  170104e19960214xr\\\\\\\\\\\\|||\||cze\d
=035  \\$a(ISIS-B80-ID)B9044301
=035  \\$a(ISIS-B80-MFN)92560
=040  \\$aABB060$bcze
=080  \\$a(0:82-95)$2MRF
=100  1\$aPohorský, Miloš$d(1929-2013)$7jk01100312$4aut$1http://viaf.org/viaf/93396785
=245  10$aPoslední variace Ladislava Fukse /$cMiloš Pohorský
=380  \\$iMajor genre$aSecondary literature$leng
=520  2\$aRecenze.
=524  \\$aPOHORSKÝ, Miloš: Poslední variace Ladislava Fukse. Právo. Roč. 6, 1996, č. 38, 14. 2., s. 10.
=600  17$aFuks, Ladislav$d(1923-1994)$7jk01032159$2czenas$1http://viaf.org/viaf/22183852
=600  17$aTušl, Jiří$d(1943- )$7kup19960000103438$2czenas$1http://viaf.org/viaf/42021152
=648  \7$a1991-2000$7ch460587$2czenas
=650  07$aosobnosti$7ph115615$2czenas
=650  07$ačeská próza$7ph116861$2czenas
=650  \7$aCzech literature$2ELB-n
=655  \7$arecenze$7fd133231$2czenas
=773  0\$tPrávo$x1211-2119$gRoč. 6, 1996, č. 38, 14. 2., s. 10$q6:38<10$919960214$sPrávo (Praha)
=787  08$iRecenze na:$aFuks, Ladislav$tMoje zrcadlo$nK vydání připravil Jiří Tušl$dMelantrich$4paměti
=910  \\$aABB060
=964  \\$a03.15.02
=964  \\$a05
=964  \\$aB80
=995  \\$aČeská Literární Bibliografie
=FMT  RD
=OWN  \\$aUCLA
=SIF  \\$ami
=ZAR  \\$hpaměti
=ZAZ  \\$d19960214$s6$z38$l10

