=LDR  01503nab a22003854a 4500
=001  001556560
=003  CZ\PrUCL
=008  170104e19960214xr\\\\\\\\\\\\|||\||cze\d
=035  \\$a(ISIS-B80-ID)B9044302
=035  \\$a(ISIS-B80-MFN)92561
=040  \\$aABB060$bcze
=080  \\$a(0:82-95)$2MRF
=100  1\$aNovotný, Vladimír$d(1946- )$4aut$xOPRAVA UCL$1http://viaf.org/viaf/71551516
=245  10$a"Monumentální fascikl" Bohumila Hrabala o životě bez rukávů /$cVladimír Novotný
=380  \\$iMajor genre$aSecondary literature$leng
=520  2\$aRecenze.
=524  \\$aNOVOTNÝ, Vladimír: "Monumentální fascikl" Bohumila Hrabala o životě bez rukávů. Práce. Roč. 52, 1996, č. 38, 14. 2., s. 13.
=600  17$aHrabal, Bohumil$d(1914-1997)$7jk01042564$2czenas$1http://viaf.org/viaf/34458072
=648  \7$a1981-1990$7ch460586$2czenas
=650  07$aosobnosti$7ph115615$2czenas
=650  07$ačeská próza$7ph116861$2czenas
=650  \7$aCzech literature$2ELB-n
=655  \7$arecenze$7fd133231$2czenas
=773  0\$tPráce$x0231-6374$gRoč. 52, 1996, č. 38, 14. 2., s. 13$q52:38<13$919960214$sPráce (Praha)
=787  08$iRecenze na:$aHrabal, Bohumil$tSvatby v domě$k(Sebrané spisy Bohumila Hrabala ; sv. 11)$dPražská imaginace, 1996$4triptych
=910  \\$aABB060
=964  \\$a03.14.02
=964  \\$a05
=964  \\$aB80
=995  \\$aČeská Literární Bibliografie
=FMT  RD
=OWN  \\$aUCLA
=SIF  \\$ami
=ZAR  \\$htriptych
=ZAZ  \\$d19960214$s52$z38$l13

