=LDR  01461nab a22003974a 4500
=001  001556561
=003  CZ\PrUCL
=008  170104e19960214xr\\\\\\\\\\\\|||\||cze\d
=035  \\$a(ISIS-B80-ID)B9044303
=035  \\$a(ISIS-B80-MFN)92562
=040  \\$aABB060$bcze
=080  \\$a(0:82-95)$2MRF
=100  1\$aPilátová, Agáta$d(1938- )$7xx0064798$4aut$1http://viaf.org/viaf/58312308
=245  10$aPohádky s oblohou /$c(ap) [=Pilátová, Agáta]
=380  \\$iMajor genre$aSecondary literature$leng
=520  2\$aRecenze.
=524  \\$a(ap) [=PILÁTOVÁ, Agáta]: Pohádky s oblohou. Práce. Roč. 52, 1996, č. 38, 14. 2., s. 13.
=600  17$aErben, Karel Jaromír$d(1811-1870)$7jk01030532$2czenas$1http://viaf.org/viaf/54147355
=648  \7$a1851-1900$7ch460575$2czenas
=650  04$ačeská literatura pro děti$xOPRAVA UCL
=650  07$aosobnosti$7ph115615$2czenas
=650  \7$aCzech literature$2ELB-n
=650  \7$aChildren's literature$2ELB-g
=655  \7$arecenze$7fd133231$2czenas
=773  0\$tPráce$x0231-6374$gRoč. 52, 1996, č. 38, 14. 2., s. 13$q52:38<13$919960214$sPráce (Praha)
=787  08$iRecenze na:$aErben, Karel Jaromír$tČeské národní pohádky$dBystrov a synové$4soubor pohádek
=910  \\$aABB060
=964  \\$a03.04.07
=964  \\$a05
=964  \\$aB80
=995  \\$aČeská Literární Bibliografie
=FMT  RD
=OWN  \\$aUCLA
=SIF  \\$ami
=ZAR  \\$hsoubor pohádek
=ZAZ  \\$d19960214$s52$z38$l13

