=LDR  01213nab a22003614a 4500
=001  001556562
=003  CZ\PrUCL
=008  170104e19960215xr\\\\\\\\\\\\|||\||cze\d
=035  \\$a(ISIS-B80-ID)B9044304
=035  \\$a(ISIS-B80-MFN)92563
=040  \\$aABB060$bcze
=080  \\$a(0:82-95)$2MRF
=100  1\$aVašák, Pavel$4aut$xOPRAVA UCL
=245  10$aČeská literatura má svoje dějiny /$cPavel Vašák
=380  \\$iMajor genre$aSecondary literature$leng
=520  2\$aRecenze.
=524  \\$aVAŠÁK, Pavel: Česká literatura má svoje dějiny. Právo. Roč. 6, 1996, č. 39, 15. 2., s. 8.
=648  \7$a1961-1970$7ch460584$2czenas
=650  04$ačeská literární historie$xOPRAVA UCL
=650  07$aosobnosti$7ph115615$2czenas
=655  \7$arecenze$7fd133231$2czenas
=773  0\$tPrávo$x1211-2119$gRoč. 6, 1996, č. 39, 15. 2., s. 8$q6:39<8$919960215$sPrávo (Praha)
=787  08$iRecenze na:$tDějiny české literatury : Díl 4$dVictoria Publishing$4příručka
=910  \\$aABB060
=964  \\$a03.12.05
=964  \\$a05
=964  \\$aB80
=995  \\$aČeská Literární Bibliografie
=FMT  RD
=OWN  \\$aUCLA
=SIF  \\$ami
=ZAR  \\$hpříručka
=ZAZ  \\$d19960215$s6$z39$l8

