=LDR  01145nab a22003134a 4500
=001  001556563
=003  CZ\PrUCL
=008  170104e19960214xr\\\\\\\\\\\\|||\||cze\d
=035  \\$a(ISIS-B80-ID)B9044305
=035  \\$a(ISIS-B80-MFN)92564
=040  \\$aABB060$bcze
=080  \\$a(047)$2MRF
=100  0\$a(kul)$c[Mladá fronta Dnes]$4aut$xOPRAVA UCL
=245  10$aZemřel spisovatel Ladislav Jehlička /$c(kul)
=380  \\$iMajor genre$aSecondary literature$leng
=520  2\$aZpráva o úmrtí L. J. 11. 2. 1996 ve věku nedožitých 80 let.
=524  \\$a(kul): Zemřel spisovatel Ladislav Jehlička. Mladá fronta Dnes. Roč. 7, 1996, č. 38, 14. 2., s. 18.
=600  17$aJehlička, Ladislav$d(1916-1996)$7jn20000401222$2czenas$1http://viaf.org/viaf/8396330
=650  07$aosobnosti$7ph115615$2czenas
=655  \7$azprávy$7fd133875$2czenas
=773  0\$tMladá fronta Dnes$x1210-1168$gRoč. 7, 1996, č. 38, 14. 2., s. 18$q7:38<18$919960214$sMladá fronta dnes
=910  \\$aABB060
=964  \\$a05
=964  \\$aB80
=995  \\$aČeská Literární Bibliografie
=FMT  RD
=OWN  \\$aUCLA
=SIF  \\$ajm
=ZAZ  \\$d19960214$s7$z38$l18

