=LDR  01632nab a22004094a 4500
=001  001556564
=003  CZ\PrUCL
=005  20200427091813.0
=008  170104e19960214xr\\\\\\\\\\\\|||\||cze\d
=022  \\$a1210-1168
=035  \\$a(ISIS-B80-ID)B9044306
=035  \\$a(ISIS-B80-MFN)92565
=040  \\$aABB060$bcze
=080  \\$a(0:82-95)$2MRF
=100  1\$aPokorný, Marek$d(1963- )$7mzk2004148513$4aut$1http://viaf.org/viaf/51153986
=245  10$aTopinkův Rimbaud je tu jako trhlina v prostoru /$cMarek Pokorný.
=380  \\$iMajor genre$aSecondary literature$leng
=520  2\$aRecenze; Rimbaud Jean-Arthur.
=524  \\$aPOKORNÝ, Marek: Topinkův Rimbaud je tu jako trhlina v prostoru. Mladá fronta Dnes. Roč. 7, 1996, č. 38, 14. 2., s. 19.
=600  17$aRimbaud, Arthur$d(1854-1891)$7jn19990007039$2czenas$1http://viaf.org/viaf/7396281
=600  17$aTopinka, Miloslav$d(1945- )$7jk01132792$2czenas$1http://viaf.org/viaf/39791974
=648  \7$a1991-2000$7ch460587$2czenas
=650  07$aliterární historie$7ph122385$2czenas
=650  07$aosobnosti$7ph115615$2czenas
=655  \7$arecenze$7fd133231$2czenas
=773  0\$tMladá fronta Dnes$x1210-1168$gRoč. 7, 1996, č. 38, 14. 2., s. 19$q7:38<19$919960214$sMladá fronta dnes
=787  08$iRecenze na:$aTopinka, Miloslav$tVedle mne jste všichni jenom básníci : Zlomky a skici k Jeanu Arthurovi Rimbaudovi$dPraha : Trigon$4esej
=910  \\$aABB060
=964  \\$a03.15.05
=964  \\$a05
=964  \\$aB80
=995  \\$aČeská Literární Bibliografie
=FMT  RD
=OWN  \\$aUCLA
=SIF  \\$ajm
=ZAR  \\$hesej
=ZAZ  \\$d19960214$s7$z38$l19

