=LDR  01632nab a22004334a 4500
=001  001556565
=003  CZ\PrUCL
=005  20200722142023.0
=008  170104e19960214xr\\\\\\\\\\\\|||\||cze\d
=022  \\$a1210-1168
=035  \\$a(ISIS-B80-ID)B9044307
=035  \\$a(ISIS-B80-MFN)92566
=040  \\$aABB060$bcze
=080  \\$a(047.6)$2MRF
=100  1\$aTichý, Zdeněk A$d(1965- )$7xx0002595$4aut$1http://viaf.org/viaf/65988004
=245  10$aÚždibky z Donutilových vavřínů /$cZdeněk A. Tichý.
=380  \\$iMajor genre$aLiterature$leng
=381  \\$iMajor genre$aOther$leng
=520  2\$aGlosa k vydání.
=524  \\$aTICHÝ, Zdeněk A.: Úždibky z Donutilových vavřínů. Mladá fronta Dnes. Roč. 7, 1996, č. 38, 14. 2., s. 19.
=600  17$aDonutil, Miroslav$d(1951- )$7jn19990009817$2czenas$1http://viaf.org/viaf/5785549
=600  17$aVondrák, Jiří$d(1954- )$7ola2003169611$2czenas$1http://viaf.org/viaf/84979498
=648  \7$a1991-2000$7ch460587$2czenas
=650  07$aosobnosti$7ph115615$2czenas
=650  07$ačeská próza$7ph116861$2czenas
=650  \7$aCzech literature$2ELB-n
=655  \7$aglosy$7fd185941$2czenas
=773  0\$tMladá fronta Dnes$x1210-1168$gRoč. 7, 1996, č. 38, 14. 2., s. 19$q7:38<19$919960214$sMladá fronta dnes
=787  08$aDonutil, Miroslav$t...uprostřed běhu...$nZpracoval Jiří Vondrák$dPrimus$4soubor rozhovorů
=910  \\$aABB060
=964  \\$a03.15.02
=964  \\$a05
=964  \\$aB80
=995  \\$aČeská Literární Bibliografie
=FMT  RD
=OWN  \\$aUCLA
=SIF  \\$ajm
=ZAR  \\$hsoubor rozhovorů
=ZAZ  \\$d19960214$s7$z38$l19

