=LDR  01488nab a22003734a 4500
=001  001556566
=003  CZ\PrUCL
=005  20180820174527.0
=008  170104e19960215xr\\\\\\\\\\\\|||\||cze\d
=022  \\$a1210-1168
=035  \\$a(ISIS-B80-ID)B9044308
=035  \\$a(ISIS-B80-MFN)92567
=040  \\$aABB060$bcze
=080  \\$a(046)$2MRF
=100  1\$aAnýž, Daniel$d(1963- )$7jn20000400034$1http://viaf.org/viaf/84003677
=245  10$aModerní encyklopedie není stále na obzoru /$cDaniel Anýž.
=380  \\$iMajor genre$aSecondary literature$leng
=520  2\$aČlánek o potížích nakladatelství, která plánovala vydat soudobé encyklopedie (Gemini, Encyklopedický dům, Nakladatelský dům OP - projekt Diderot).
=524  \\$aANÝŽ, Daniel: Moderní encyklopedie není stále na obzoru. Mladá fronta Dnes. Roč. 7, 1996, č. 39, 15. 2., s. 18.
=610  24$aGemini Bratislava (nakladatelství)
=610  27$aEncyklopedický dům (firma)$7ko2004233450$2czenas
=610  27$aNakladatelský dům OP$7ko2005275908$2czenas
=650  07$avydavatelská činnost$7ph120092$2czenas
=655  \7$ačlánky$7fd133976$2czenas
=773  0\$tMladá fronta Dnes$x1210-1168$gRoč. 7, 1996, č. 39, 15. 2., s. 18$q7:39<18$919960215$sMladá fronta dnes
=787  08$tDiderot$4encyklopedie
=910  \\$aABB060
=964  \\$a02.09.01
=964  \\$aB80
=995  \\$aČeská Literární Bibliografie
=FMT  RD
=OWN  \\$aUCLA
=SIF  \\$ajm
=ZAZ  \\$d19960215$s7$z39$l18

