=LDR  01130nab a22003254a 4500
=001  001556567
=003  CZ\PrUCL
=008  170104e19960215xr\\\\\\\\\\\\|||\||cze\d
=035  \\$a(ISIS-B80-ID)B9044309
=035  \\$a(ISIS-B80-MFN)92568
=040  \\$aABB060$bcze
=080  \\$a(047.6)$2MRF
=080  \\$a(048.8)$2MRF
=100  1\$aChuchma, Josef$d(1959- )$7jn20000400402$4aut$1http://viaf.org/viaf/6931394
=245  10$aKteré knihy se nejlépe prodávají /$cJosef Chuchma
=380  \\$iMajor genre$aSecondary literature$leng
=520  2\$aPřehled s poznámkou.
=524  \\$aCHUCHMA, Josef: Které knihy se nejlépe prodávají. Mladá fronta Dnes. Roč. 7, 1996, č. 39, 15. 2., s. 19.
=650  04$akniha a čtenář$xOPRAVA UCL
=655  \7$apoznámky$7fd133108$2czenas
=655  \7$apřehledy$7fd133202$2czenas
=773  0\$tMladá fronta Dnes$x1210-1168$gRoč. 7, 1996, č. 39, 15. 2., s. 19$q7:39<19$919960215$sMladá fronta dnes
=910  \\$aABB060
=964  \\$a02.09.03
=964  \\$aB80
=995  \\$aČeská Literární Bibliografie
=FMT  RD
=OWN  \\$aUCLA
=SIF  \\$ajm
=ZAZ  \\$d19960215$s7$z39$l19

