=LDR  01226nab a22003734a 4500
=001  001556568
=003  CZ\PrUCL
=005  20200630130320.0
=008  170104s1995\\\\xr\\\\\\\\\\\\|||\||cze\d
=022  \\$a0862-819X
=035  \\$a(ISIS-B80-ID)B9044310
=035  \\$a(ISIS-B80-MFN)92569
=040  \\$aABB060$bcze
=080  \\$a(0:82-4)$2MRF
=100  1\$aBlažek, Bohuslav$d(1942-2004)$7jk01012289$4aut$1http://viaf.org/viaf/55559076
=245  10$aVyprávění ve věku autoreflexe /$cBohuslav Blažek.
=380  \\$iMajor genre$aLiterature$leng
=381  \\$iMajor genre$aOther$leng
=520  2\$aÚvaha.
=524  \\$aBLAŽEK, Bohuslav: Vyprávění ve věku autoreflexe. Kritický sborník. Roč. 15, 1995, č. 1/2, s. 1-4.
=650  04$aliteratura (obecně)$xOPRAVA UCL
=650  04$ateorie literatury$xOPRAVA UCL
=650  07$avyprávění$7ph117276$2czenas
=655  \7$aúvahy$7fd134000$2czenas
=773  0\$tKritický sborník$x0862-819X$gRoč. 15, 1995, č. 1/2, s. 1-4$q15:1/2<1$91995$sKritický sborník
=910  \\$aABB060
=964  \\$a01
=964  \\$a02.01
=964  \\$aB80
=995  \\$aČeská Literární Bibliografie
=FMT  RS
=OWN  \\$aUCLA
=SIF  \\$ajm
=ZAZ  \\$d1995$s15$z1/2$l1

