=LDR  01547nab a22004334a 4500
=001  001556569
=003  CZ\PrUCL
=005  20180828021842.0
=008  170104s1995\\\\xr\\\\\\\\\\\\|||\||cze\d
=022  \\$a0862-819X
=035  \\$a(ISIS-B80-ID)B9044311
=035  \\$a(ISIS-B80-MFN)92570
=040  \\$aABB060$bcze
=080  \\$a(0:82-4)$2MRF
=100  1\$aIsrael, Efraim$d(1944- )$7av2018977829$4aut$1http://viaf.org/viaf/297089570
=245  10$aBůh je originální /$cEfraim Israel.
=380  \\$iMajor genre$aLiterature$leng
=381  \\$iMajor genre$aOther$leng
=520  2\$aZamyšlení nad originalitou a autentičností Olbrachtova obrazu židovského světa.
=524  \\$aISRAEL, Efraim: Bůh je originální. Kritický sborník. Roč. 15, 1995, č. 1/2, s. 17-25.
=600  17$aOlbracht, Iván$d(1882-1952)$7jk01091013$2czenas$1http://viaf.org/viaf/7423797
=648  \7$a1931-1940$7ch460581$2czenas
=650  07$aosobnosti$7ph115615$2czenas
=650  07$ačeská próza$7ph116861$2czenas
=650  07$aŽidé$7ph127782$2czenas
=650  \7$aCzech literature$2ELB-n
=655  \7$aúvahy$7fd134000$2czenas
=773  0\$tKritický sborník$x0862-819X$gRoč. 15, 1995, č. 1/2, s. 17-25$q15:1/2<17$91995$sKritický sborník
=787  08$aOlbracht, Ivan$tGolet v údolí$4soubor povídek
=910  \\$aABB060
=964  \\$a03.09.02
=964  \\$a05
=964  \\$aB80
=995  \\$aČeská Literární Bibliografie
=FMT  RS
=OWN  \\$aUCLA
=SIF  \\$ajm
=ZAR  \\$hsoubor povídek
=ZAZ  \\$d1995$s15$z1/2$l17

