=LDR  02026nab a22005054a 4500
=001  001556570
=003  CZ\PrUCL
=005  20190625182856.0
=008  170104s1995\\\\xr\\\\\\\\\\\\|||\||cze\d
=022  \\$a0862-819X
=035  \\$a(ISIS-B80-ID)B9044312
=035  \\$a(ISIS-B80-MFN)92571
=040  \\$aABB060$bcze
=080  \\$a(048.8)$2MRF
=080  \\$a82-312.9$2MRF
=100  1\$aHolý, Jiří$d(1953- )$7jn19990209254$4aut$1http://viaf.org/viaf/264901401
=245  10$aFantastické motivy v české próze od šedesátých let /$cJiří Holý.
=380  \\$iMajor genre$aSecondary literature$leng
=520  2\$aStudie; mj. o prózách: Michal Karel, Vyskočil Ivan, Filip Ota, Hodrová Daniela, Kratochvil Jiří.
=524  \\$aHOLÝ, Jiří: Fantastické motivy v české próze od šedesátých let. Kritický sborník. Roč. 15, 1995, č. 1/2, s. 26-34.
=600  14$aMichal, Karel$xOPRAVA UCL
=600  17$aFilip, Ota$d(1930-2018)$7jk01031164$2czenas$1http://viaf.org/viaf/95178340
=600  17$aHodrová, Daniela$d(1946- )$7jk01041474$2czenas$1http://viaf.org/viaf/119375397
=600  17$aKratochvíl, Jiří$d(1940- )$7jn19990209413$2czenas$1http://viaf.org/viaf/116699011
=600  17$aVyskočil, Ivan$d(1929- )$7jk01151228$2czenas$1http://viaf.org/viaf/11227014
=648  \7$a1961-1970$7ch460584$2czenas
=648  \7$a1971-1980$7ch460585$2czenas
=648  \7$a1981-1990$7ch460586$2czenas
=648  \7$a1991-2000$7ch460587$2czenas
=650  07$afantastická literatura$7ph114522$2czenas
=650  07$ačeská próza$7ph116861$2czenas
=650  \7$aCzech literature$2ELB-n
=655  \7$astudie$7fd133597$2czenas
=773  0\$tKritický sborník$x0862-819X$gRoč. 15, 1995, č. 1/2, s. 26-34$q15:1/2<26$91995$sKritický sborník
=910  \\$aABB060
=964  \\$a03.12.02
=964  \\$a03.13.02
=964  \\$a03.14.02
=964  \\$a03.15.02
=964  \\$aB80
=995  \\$aČeská Literární Bibliografie
=FMT  RS
=OWN  \\$aUCLA
=SIF  \\$ajm
=ZAZ  \\$d1995$s15$z1/2$l26

