=LDR  01505nab a22004334a 4500
=001  001556571
=003  CZ\PrUCL
=005  20180216111825.0
=008  170104s1995\\\\xr\\\\\\\\\\\\|||\||cze\d
=022  \\$a0862-819X
=035  \\$a(ISIS-B80-ID)B9044313
=035  \\$a(ISIS-B80-MFN)92572
=040  \\$aABB060$bcze
=080  \\$a(048.83)$2MRF
=100  1\$aVaňková, Irena$d(1962- )$7js20030407002$4aut$1http://viaf.org/viaf/51309077
=245  10$aSvět ticha, svět volání /$cIrena Vaňková.
=380  \\$iMajor genre$aSecondary literature$leng
=520  2\$aRozbor díla, zaměřený zejm. na zvukové motivy v básni.
=524  \\$aVAŇKOVÁ, Irena: Svět ticha, svět volání. Kritický sborník. Roč. 15, 1995, č. 1/2, s. 35-47.
=600  17$aMácha, Karel Hynek$d(1810-1836)$7jk01072915$2czenas$1http://viaf.org/viaf/95263761
=648  \4$a1775-1850$xOPRAVA UCL
=650  07$aosobnosti$7ph115615$2czenas
=650  07$azvuk$7ph127699$2czenas
=650  07$ačeská poezie$7ph150471$2czenas
=650  \7$aCzech literature$2ELB-n
=650  \7$aPoetry$2ELB-g
=655  \4$arozbory díla
=773  0\$tKritický sborník$x0862-819X$gRoč. 15, 1995, č. 1/2, s. 35-47$q15:1/2<35$91995$sKritický sborník
=787  08$aMácha, Karel Hynek$tMáj$4báseň
=910  \\$aABB060
=964  \\$a03.03.01
=964  \\$a05
=964  \\$aB80
=995  \\$aČeská Literární Bibliografie
=FMT  RS
=OWN  \\$aUCLA
=SIF  \\$ajm
=ZAR  \\$hbáseň
=ZAZ  \\$d1995$s15$z1/2$l35

