=LDR  01857nab a22004454a 4500
=001  001556572
=003  CZ\PrUCL
=005  20201026104321.0
=008  170104s1995\\\\xr\\\\\\\\\\\\|||\||cze\d
=022  \\$a0862-819X
=035  \\$a(ISIS-B80-ID)B9044314
=035  \\$a(ISIS-B80-MFN)92573
=040  \\$aABB060$bcze
=080  \\$a(0.072)$2MRF
=100  1\$aZumr, Josef$d(1928- )$7jk01152856$4aut$1http://viaf.org/viaf/19757809
=245  10$aStoletý zápas o českou otázku /$cJosef Zumr.
=380  \\$iMajor genre$aSecondary literature$leng
=520  2\$aKomentář ke knize, zejm. ve vztahu k: Masaryk Tomáš Garrigue, Česká otázka a: Pekař Josef.
=524  \\$aZUMR, Josef: Stoletý zápas o českou otázku. Kritický sborník. Roč. 15, 1995, č. 1/2, s. 72-73.
=600  17$aHavelka, Miloš$d(1944- )$7jk01040281$2czenas$1http://viaf.org/viaf/33083797
=600  17$aMasaryk, Tomáš Garrigue$d(1850-1937)$7jk01080472$2czenas$1http://viaf.org/viaf/56651696
=600  17$aPekař, Josef$d(1870-1937)$7jk01092389$2czenas$1http://viaf.org/viaf/29582830
=648  \7$a1851-1900$7ch460575$2czenas
=648  \7$a1901-1950$7ch460576$2czenas
=650  07$ačeská próza$7ph116861$2czenas
=650  \7$aCzech literature$2ELB-n
=655  \7$akomentáře$7fd132578$2czenas
=773  0\$tKritický sborník$x0862-819X$gRoč. 15, 1995, č. 1/2, s. 72-73$q15:1/2<72$91995$sKritický sborník
=787  08$aMasaryk, Tomáš Garrigue$tČeská otázka$4studie
=787  08$tSpor o smysl českých dějin 1895-1938$nEdičně připravil a úvodní studii napsal Miloš Havelka$dTorst$4soubor dokumentů
=910  \\$aABB060
=964  \\$a03.04.02
=964  \\$a03.06.02
=964  \\$aB80
=995  \\$aČeská Literární Bibliografie
=FMT  RS
=OWN  \\$aUCLA
=SIF  \\$ajm
=ZAR  \\$hsoubor dokumentů
=ZAZ  \\$d1995$s15$z1/2$l72

