=LDR  01839nab a22004454a 4500
=001  001556573
=003  CZ\PrUCL
=005  20200721161112.0
=008  170104s1995\\\\xr\\\\\\\\\\\\|||\||cze\d
=022  \\$a0862-819X
=035  \\$a(ISIS-B80-ID)B9044315
=035  \\$a(ISIS-B80-MFN)92574
=040  \\$aABB060$bcze
=080  \\$a(0.072)$2MRF
=080  \\$a(0:82-4)$2MRF
=100  1\$aHavelka, Miloš$d(1944- )$7jk01040281$4aut$1http://viaf.org/viaf/33083797
=245  10$aDokument /$cMiloš Havelka.
=380  \\$iMajor genre$aSecondary literature$leng
=380  \\$iMajor genre$aLiterature$leng
=381  \\$iMajor genre$aOther$leng
=520  2\$aKomentář k příspěvku do pamětního sborníku O Josefu Pekařovi, Příspěvky k životopisu a dílu, Řád, Praha 1937: Tapié Victor Lucien, Pekař a Masaryk; příspěvek přetištěn v KS na s. 74-77; Masaryk Tomáš Garrigue.
=524  \\$aHAVELKA, Miloš: Dokument. Kritický sborník. Roč. 15, 1995, č. 1/2, s. 74.
=600  17$aMasaryk, Tomáš Garrigue$d(1850-1937)$7jk01080472$2czenas$1http://viaf.org/viaf/56651696
=600  17$aPekař, Josef$d(1870-1937)$7jk01092389$2czenas$1http://viaf.org/viaf/29582830
=600  17$aTapié, Víctor Lucien$d(1900-1974)$7jn19990008418$2czenas$1http://viaf.org/viaf/66473956
=650  04$afrancouzská literární historie$xOPRAVA UCL
=650  07$adějiny$7ph114390$2czenas
=650  07$aosobnosti$7ph115615$2czenas
=655  \7$aeseje$7fd132213$2czenas
=655  \7$akomentáře$7fd132578$2czenas
=773  0\$tKritický sborník$x0862-819X$gRoč. 15, 1995, č. 1/2, s. 74$q15:1/2<74$91995$sKritický sborník
=910  \\$aABB060
=964  \\$a04.07.05
=964  \\$a05
=964  \\$aB80
=995  \\$aČeská Literární Bibliografie
=FMT  RS
=OWN  \\$aUCLA
=SIF  \\$ajm
=ZAZ  \\$d1995$s15$z1/2$l74

