=LDR  01407nab a22003854a 4500
=001  001556574
=003  CZ\PrUCL
=008  170104s1995\\\\xr\\\\\\\\\\\\|||\||cze\d
=035  \\$a(ISIS-B80-ID)B9044316
=035  \\$a(ISIS-B80-MFN)92575
=040  \\$aABB060$bcze
=080  \\$a(048.8)$2MRF
=100  1\$aFidelius, Petr$d(1948- )$7jn19981228073$4aut$1http://viaf.org/viaf/29656752
=245  10$aK jednomu případu autoreflexe v umělecké próze /$cPetr Fidelius
=380  \\$iMajor genre$aSecondary literature$leng
=520  2\$aKritická stať.
=524  \\$aFIDELIUS, Petr: K jednomu případu autoreflexe v umělecké próze. Kritický sborník. Roč. 15, 1995, č. 1/2, s. 78-87.
=600  17$aViewegh, Michal$d(1962- )$7jn19990010021$2czenas$1http://viaf.org/viaf/44438921
=648  \7$a1991-2000$7ch460587$2czenas
=650  07$aosobnosti$7ph115615$2czenas
=650  07$ačeská próza$7ph116861$2czenas
=650  \7$aCzech literature$2ELB-n
=655  \7$astudie$7fd133597$2czenas
=773  0\$tKritický sborník$x0862-819X$gRoč. 15, 1995, č. 1/2, s. 78-87$q15:1/2<78$91995$sKritický sborník
=787  08$aViewegh, Michal$tVýchova dívek v Čechách$4román
=910  \\$aABB060
=964  \\$a03.15.02
=964  \\$a05
=964  \\$aB80
=995  \\$aČeská Literární Bibliografie
=FMT  RS
=OWN  \\$aUCLA
=SIF  \\$ajm
=ZAR  \\$hromán
=ZAZ  \\$d1995$s15$z1/2$l78

