=LDR  01503nab a22003974a 4500
=001  001556575
=003  CZ\PrUCL
=008  170104s1995\\\\xr\\\\\\\\\\\\|||\||cze\d
=035  \\$a(ISIS-B80-ID)B9044317
=035  \\$a(ISIS-B80-MFN)92576
=040  \\$aABB060$bcze
=080  \\$a(0.072)$2MRF
=100  1\$aCieslar, Jiří$d(1951-2006)$7jn20000400416$4aut$1http://viaf.org/viaf/33626022
=245  10$aAmerické deníky Ferdinanda Peroutky /$cJiří Cieslar
=380  \\$iMajor genre$aSecondary literature$leng
=520  2\$aO jeho pobytu ve Spojených státech; komentář ke knize.
=524  \\$aCIESLAR, Jiří: Americké deníky Ferdinanda Peroutky. Kritický sborník. Roč. 15, 1995, č. 1/2, s. 88-90.
=600  17$aPeroutka, Ferdinand$d(1895-1978)$7jk01092591$2czenas$1http://viaf.org/viaf/34499510
=648  \7$a1951-2000$7ch460577$2czenas
=650  07$aosobnosti$7ph115615$2czenas
=650  07$ačeská próza$7ph116861$2czenas
=650  \7$aCzech literature$2ELB-n
=651  \4$aUSA$xOPRAVA UCL
=655  \7$akomentáře$7fd132578$2czenas
=773  0\$tKritický sborník$x0862-819X$gRoč. 15, 1995, č. 1/2, s. 88-90$q15:1/2<88$91995$sKritický sborník
=787  08$aPeroutka, Ferdinand$tPozdější život Panny$b2. vyd.$dPraha : Univerzum, 1991$4román
=910  \\$aABB060
=964  \\$a03.16.02
=964  \\$a05
=964  \\$aB80
=995  \\$aČeská Literární Bibliografie
=FMT  RS
=OWN  \\$aUCLA
=SIF  \\$ajm
=ZAR  \\$hromán
=ZAZ  \\$d1995$s15$z1/2$l88

