=LDR  01169nab a22003374a 4500
=001  001556576
=003  CZ\PrUCL
=005  20170503083326.0
=008  170104s1995\\\\xr\\\\\\\\\\\\|||\||cze\d
=022  \\$a0862-819X
=035  \\$a(ISIS-B80-ID)B9044318
=035  \\$a(ISIS-B80-MFN)92577
=040  \\$aABB060$bcze
=080  \\$a(0:82-95)$2MRF
=100  1\$aGrebeníčková, Růžena$d(1925-1997)$7jk01032606$4aut$1http://viaf.org/viaf/72790783
=245  10$aKritika v pohybu /$cRůžena Grebeníčková.
=380  \\$iMajor genre$aSecondary literature$leng
=520  2\$aRecenze revue č. 1.
=524  \\$aGREBENÍČKOVÁ, Růžena: Kritika v pohybu. Kritický sborník. Roč. 15, 1995, č. 1/2, s. 90-93.
=650  04$aliterární časopisy a sborníky$xOPRAVA UCL
=655  \7$arecenze$7fd133231$2czenas
=773  0\$tKritický sborník$x0862-819X$gRoč. 15, 1995, č. 1/2, s. 90-93$q15:1/2<90$91995$sKritický sborník
=787  08$tKritická Příloha Revolver Revue$4časopis
=910  \\$aABB060
=964  \\$a02.11
=964  \\$aB80
=995  \\$aČeská Literární Bibliografie
=FMT  RS
=OWN  \\$aUCLA
=SIF  \\$ajm
=ZAZ  \\$d1995$s15$z1/2$l90

