=LDR  01690nab a22003854a 4500
=001  001556577
=003  CZ\PrUCL
=005  20170405141142.0
=008  170104s1995\\\\xr\\\\\\\\\\\\|||\||cze\d
=022  \\$a0862-819X
=035  \\$a(ISIS-B80-ID)B9044319
=035  \\$a(ISIS-B80-MFN)92578
=040  \\$aABB060$bcze
=080  \\$a(048.8)$2MRF
=100  1\$aHausenblas, Karel$d(1923-2003)$7jk01040188$4aut$1http://viaf.org/viaf/47604936
=245  10$aObraznost v Poláčkově výpravné próze /$cKarel Hausenblas.
=380  \\$iMajor genre$aSecondary literature$leng
=520  2\$aStudie o obraznosti v románovém cyklu Okresní město, Hrdinové táhnou do boje, Podzemní město, Vyprodáno; text příspěvku předneseného na symposiu K. P. a historie židovské kultury ve východních Čechách, Rychnov Nad Kněžnou, 18.-20. 5. 1995.
=524  \\$aHAUSENBLAS, Karel: Obraznost v Poláčkově výpravné próze. Kritický sborník. Roč. 15, 1995, č. 1/2, s. 94-103.
=600  17$aPoláček, Karel$d(1892-1944)$7jk01100136$2czenas$1http://viaf.org/viaf/22302144
=650  07$aosobnosti$7ph115615$2czenas
=655  \7$astudie$7fd133597$2czenas
=773  0\$tKritický sborník$x0862-819X$gRoč. 15, 1995, č. 1/2, s. 94-103$q15:1/2<94$91995$sKritický sborník
=787  08$aPoláček, Karel$tHrdinové táhnou do boje$4román
=787  08$aPoláček, Karel$tOkresní město$4román
=787  08$aPoláček, Karel$tPodzemní město$4román
=787  08$aPoláček, Karel$tVyprodáno$4román
=910  \\$aABB060
=964  \\$a05
=964  \\$aB80
=995  \\$aČeská Literární Bibliografie
=FMT  RS
=OWN  \\$aUCLA
=SIF  \\$ajm
=ZAZ  \\$d1995$s15$z1/2$l94

