=LDR  01113nab a22003134a 4500
=001  001556578
=003  CZ\PrUCL
=008  170104s1995\\\\xr\\\\\\\\\\\\|||\||cze\d
=035  \\$a(ISIS-B80-ID)B9044320
=035  \\$a(ISIS-B80-MFN)92579
=040  \\$aABB060$bcze
=080  \\$a(046)$2MRF
=100  1\$aŠpirit, Michael$d(1965- )$7jn20001103589$4aut$1http://viaf.org/viaf/51843919
=245  10$aJan Lopatka redivivus /$cMichael Špirit
=380  \\$iMajor genre$aSecondary literature$leng
=520  2\$aO jeho kritické práci.
=524  \\$aŠPIRIT, Michael: Jan Lopatka redivivus. Kritický sborník. Roč. 15, 1995, č. 1/2, s. 103-105.
=600  17$aLopatka, Jan$d(1940-1993)$7jk01072390$2czenas$1http://viaf.org/viaf/2529800
=650  07$aosobnosti$7ph115615$2czenas
=655  \7$ačlánky$7fd133976$2czenas
=773  0\$tKritický sborník$x0862-819X$gRoč. 15, 1995, č. 1/2, s. 103-105$q15:1/2<103$91995$sKritický sborník
=910  \\$aABB060
=964  \\$a05
=964  \\$aB80
=995  \\$aČeská Literární Bibliografie
=FMT  RS
=OWN  \\$aUCLA
=SIF  \\$ajm
=ZAZ  \\$d1995$s15$z1/2$l103

