=LDR  01474nab a22003734a 4500
=001  001556579
=003  CZ\PrUCL
=005  20200630125707.0
=008  170104s1995\\\\xr\\\\\\\\\\\\|||\||cze\d
=022  \\$a0862-819X
=035  \\$a(ISIS-B80-ID)B9044321
=035  \\$a(ISIS-B80-MFN)92580
=040  \\$aABB060$bcze
=080  \\$a(047.53)$2MRF
=100  1\$aNěmec, Jiří$d(1932-2001)$7jk01083071$4ive$1http://viaf.org/viaf/73433152
=245  10$aMohl být orlem, a stal se slepicí? /$cJiří Němec ; s Jiřím Němcem rozmlouval Bohuslav Blažek.
=380  \\$iMajor genre$aLiterature$leng
=381  \\$iMajor genre$aOther$leng
=520  2\$aRozhovor.
=524  \\$aNĚMEC, Jiří - BLAŽEK, Bohuslav: Mohl být orlem, a stal se slepicí?. S Jiřím Němcem rozmlouval Bohuslav Blažek. Kritický sborník. Roč. 15, 1995, č. 1/2, s. 106-112.
=600  17$aNěmec, Jiří$d(1932-2001)$7jk01083071$2czenas$1http://viaf.org/viaf/73433152
=650  07$anáboženství$7ph115485$2czenas
=650  07$aosobnosti$7ph115615$2czenas
=655  \7$arozhovory$7fd133303$2czenas
=700  1\$aBlažek, Bohuslav$d(1942-2004)$4ivr$7jk01012289$1http://viaf.org/viaf/55559076
=773  0\$tKritický sborník$x0862-819X$gRoč. 15, 1995, č. 1/2, s. 106-112$q15:1/2<106$91995$sKritický sborník
=910  \\$aABB060
=964  \\$a05
=964  \\$aB80
=995  \\$aČeská Literární Bibliografie
=FMT  RS
=OWN  \\$aUCLA
=SIF  \\$ajm
=ZAZ  \\$d1995$s15$z1/2$l106

