=LDR  02479nab a22005054a 4500
=001  001556580
=003  CZ\PrUCL
=005  20190902162141.0
=008  170104s1995\\\\xr\\\\\\\\\\\\|||\||cze\d
=022  \\$a0862-819X
=035  \\$a(ISIS-B80-ID)B9044322
=035  \\$a(ISIS-B80-MFN)92581
=040  \\$aABB060$bcze
=080  \\$a(049.2)$2MRF
=100  1\$aŠpirit, Michael$d(1965- )$7jn20001103589$4aut$1http://viaf.org/viaf/51843919
=245  10$aKdo je hloupější? /$cMichael Špirit.
=380  \\$iMajor genre$aLiterature$leng
=381  \\$iMajor genre$aOther$leng
=520  2\$aKritický přehled ohlasů na knihu, mj. : Sedláková Lenka, Denní telegraf, 30. 9. 1994; Jungmann Milan, Nové knihy, č. 37/1994; Lukeš Emil, Tvar, č. 18/1994; Matoušek Petr, Lidové noviny, příl. Národní 9, 24. 9. 1994; Peňás Jiří, Mladá fronta Dnes, 24. 9. 1994; Chuchma Josef, Mladý svět, č. 42/1994; Lukeš Jan, Týden, č. 8/1994.
=524  \\$aŠPIRIT, Michael: Kdo je hloupější?. Kritický sborník. Roč. 15, 1995, č. 1/2, s. 113-117.
=600  14$aLukeš, Jan$d(1950- )$xOPRAVA UCL$1http://viaf.org/viaf/28457609
=600  17$aChuchma, Josef$d(1959- )$7jn20000400402$2czenas$1http://viaf.org/viaf/6931394
=600  17$aJungmann, Milan$d(1922-2012)$7jk01052189$2czenas$1http://viaf.org/viaf/97938896
=600  17$aLukeš, Emil$d(1929-2007)$7jk01072615$2czenas$1http://viaf.org/viaf/77603702
=600  17$aMatoušek, Petr$d(1968- )$7jo20000080605$2czenas$1http://viaf.org/viaf/36434923
=600  17$aPeňás, Jiří$d(1966- )$7jo20000071169$2czenas$1http://viaf.org/viaf/9514235
=600  17$aSedláková, Lenka$d(1968- )$7js20040107030$2czenas$1http://viaf.org/viaf/84230987
=600  17$aViewegh, Michal$d(1962- )$7jn19990010021$2czenas$1http://viaf.org/viaf/44438921
=648  \7$a1991-2000$7ch460587$2czenas
=650  07$aosobnosti$7ph115615$2czenas
=650  07$ačeská próza$7ph116861$2czenas
=650  \7$aCzech literature$2ELB-n
=655  \7$apolemiky$7fd133058$2czenas
=773  0\$tKritický sborník$x0862-819X$gRoč. 15, 1995, č. 1/2, s. 113-117$q15:1/2<113$91995$sKritický sborník
=787  08$aViewegh, Michal$tVýchova dívek v Čechách$h184 s.$dČeský spisovatel, 1994$4román
=910  \\$aABB060
=964  \\$a03.15.02
=964  \\$a05
=964  \\$aB80
=995  \\$aČeská Literární Bibliografie
=FMT  RS
=OWN  \\$aUCLA
=SIF  \\$ajm
=ZAR  \\$s184 s.$hromán
=ZAZ  \\$d1995$s15$z1/2$l113

