=LDR  01405nab a22003854a 4500
=001  001556581
=003  CZ\PrUCL
=008  170104s1995\\\\xr\\\\\\\\\\\\|||\||cze\d
=035  \\$a(ISIS-B80-ID)B9044323
=035  \\$a(ISIS-B80-MFN)92582
=040  \\$aABB060$bcze
=080  \\$a(046)$2MRF
=100  1\$aProkešová, Alena$4aut$xOPRAVA UCL
=245  10$aVzpomínka na léta šedesátá /$cAlena Prokešová
=380  \\$iMajor genre$aSecondary literature$leng
=520  2\$aPřehledová stať o ohlasech na 1. vydání knihy, Československý spisovatel 1966.
=524  \\$aPROKEŠOVÁ, Alena: Vzpomínka na léta šedesátá. Kritický sborník. Roč. 15, 1995, č. 1/2, s. 120-124.
=600  14$aJedlička, Josef$xOPRAVA UCL
=648  \7$a1961-1970$7ch460584$2czenas
=650  07$aosobnosti$7ph115615$2czenas
=650  07$ačeská próza$7ph116861$2czenas
=650  \7$aCzech literature$2ELB-n
=655  \7$ačlánky$7fd133976$2czenas
=773  0\$tKritický sborník$x0862-819X$gRoč. 15, 1995, č. 1/2, s. 120-124$q15:1/2<120$91995$sKritický sborník
=787  08$aJedlička, Josef$tKde život náš je v půli se svou poutí$b2. vyd.$dMladá fronta, 1994$4próza
=910  \\$aABB060
=964  \\$a03.12.02
=964  \\$a05
=964  \\$aB80
=995  \\$aČeská Literární Bibliografie
=FMT  RS
=OWN  \\$aUCLA
=SIF  \\$ajm
=ZAR  \\$hpróza
=ZAZ  \\$d1995$s15$z1/2$l120

