=LDR  01310nab a22003494a 4500
=001  001556582
=003  CZ\PrUCL
=008  170104s1995\\\\xr\\\\\\\\\\\\|||\||cze\d
=035  \\$a(ISIS-B80-ID)B9044324
=035  \\$a(ISIS-B80-MFN)92583
=040  \\$aABB060$bcze
=080  \\$a(01)$2MRF
=080  \\$a(047.6)$2MRF
=100  1\$aGruntorád, Jiří$d(1952- )$7jn20000400824$4aut$1http://viaf.org/viaf/66596944
=245  10$aStřední Evropa :$bBibliografický soupis příspěvků /$cJiří Gruntorád
=380  \\$iMajor genre$aSecondary literature$leng
=520  2\$aÚvodní poznámka k článkové bibliografii, otištěné na s. 126-144.
=524  \\$aGRUNTORÁD, Jiří: Střední Evropa : Bibliografický soupis příspěvků. Kritický sborník. Roč. 15, 1995, č. 1/2, s. 125.
=650  04$aliterární časopisy a sborníky$xOPRAVA UCL
=650  04$asamizdaty$xOPRAVA UCL
=655  \7$abibliografie$7fd131898$2czenas
=655  \7$apoznámky$7fd133108$2czenas
=773  0\$tKritický sborník$x0862-819X$gRoč. 15, 1995, č. 1/2, s. 125$q15:1/2<125$91995$sKritický sborník
=787  08$tStřední Evropa$4YYY
=910  \\$aABB060
=964  \\$a02.11
=964  \\$aB80
=995  \\$aČeská Literární Bibliografie
=FMT  RS
=OWN  \\$aUCLA
=SIF  \\$ajm
=ZAZ  \\$d1995$s15$z1/2$l125

