=LDR  01215nab a22003494a 4500
=001  001556583
=003  CZ\PrUCL
=005  20200722103623.0
=008  170104e19960101xr\\\\\\\\\\\\|||\||cze\d
=022  \\$a1211-7587
=035  \\$a(ISIS-B80-ID)B9044325
=035  \\$a(ISIS-B80-MFN)92584
=040  \\$aABB060$bcze
=080  \\$a(046)$2MRF
=100  1\$aVolf, Petr$d(1965- )$7jn20000402585$4aut$1http://viaf.org/viaf/63633752
=245  10$aTorst: Knihy jako lahůdky /$cPetr Volf.
=380  \\$iMajor genre$aSecondary literature$leng
=520  2\$aStať o nakladateli: Stoilov Viktor a nakladatelství Torst.
=524  \\$aVOLF, Petr: Torst: Knihy jako lahůdky. Xantypa. R. 1996, č. 1, 1. 1., s. 8-9.
=600  17$aStoilov, Viktor$d(1961- )$7xx0040632$2czenas$1http://viaf.org/viaf/34736250
=610  24$aTorst$xOPRAVA UCL
=650  04$anakladatelské otázky$xOPRAVA UCL
=655  \7$ačlánky$7fd133976$2czenas
=773  0\$tXantypa$x1211-7587$gR. 1996, č. 1, 1. 1., s. 8-9$q1996:1<8$919960101$sXantypa (Příbram)
=910  \\$aABB060
=964  \\$a02.09.01
=964  \\$aB80
=995  \\$aČeská Literární Bibliografie
=FMT  RS
=OWN  \\$aUCLA
=SIF  \\$ami
=ZAZ  \\$d19960101$s1996$z1$l8

