=LDR  01145nab a22003134a 4500
=001  001556584
=003  CZ\PrUCL
=008  170104e19960101xr\\\\\\\\\\\\|||\||cze\d
=035  \\$a(ISIS-B80-ID)B9044326
=035  \\$a(ISIS-B80-MFN)92585
=040  \\$aABB060$bcze
=080  \\$a(046)$2MRF
=100  1\$aOsvaldová, Barbora$d(1950- )$7jn20000401910$4aut$1http://viaf.org/viaf/63342914
=245  10$aDům U dvou zlatých medvědů /$cBarbora Osvaldová
=380  \\$iMajor genre$aSecondary literature$leng
=520  2\$aStať o E. E. K. a jeho rodném domě v Praze.
=524  \\$aOSVALDOVÁ, Barbora: Dům U dvou zlatých medvědů. Xantypa. R. 1996, č. 1, 1. 1., s. 67-70.
=600  17$aKisch, Egon Erwin$d(1885-1948)$7jk01060211$2czenas$1http://viaf.org/viaf/46774385
=650  07$aosobnosti$7ph115615$2czenas
=655  \7$ačlánky$7fd133976$2czenas
=773  0\$tXantypa$x1211-7587$gR. 1996, č. 1, 1. 1., s. 67-70$q1996:1<67$919960101$sXantypa (Příbram)
=910  \\$aABB060
=964  \\$a05
=964  \\$aB80
=995  \\$aČeská Literární Bibliografie
=FMT  RS
=OWN  \\$aUCLA
=SIF  \\$ami
=ZAZ  \\$d19960101$s1996$z1$l67

