=LDR  01411nab a22003374a 4500
=001  001556585
=003  CZ\PrUCL
=008  170104e19960101xr\\\\\\\\\\\\|||\||cze\d
=035  \\$a(ISIS-B80-ID)B9044327
=035  \\$a(ISIS-B80-MFN)92586
=040  \\$aABB060$bcze
=080  \\$a(0.072)$2MRF
=100  1\$aRössler, Ivan$d(1945- )$7jn19990216160$4aut$1http://viaf.org/viaf/58710045
=245  10$aVýslech Jana Zábrany :$bRelikvie /$cIvan Rössler
=380  \\$iMajor genre$aSecondary literature$leng
=520  2\$aKomentář k rozhovoru, který byl formou výslechu otištěn v divadelním programu u příležitosti uvedení hry Jacka Popplewela, Musím být zavražděn...? (Divadlo Jiřího Wolkra, prosinec 1965, hru přeložil J. Z.).
=524  \\$aRÖSSLER, Ivan: Výslech Jana Zábrany : Relikvie. Xantypa. R. 1996, č. 1, 1. 1., s. 94.
=600  17$aZábrana, Jan$d(1931-1984)$7jz8001457$2czenas$1http://viaf.org/viaf/71448238
=650  07$adetektivní literatura$7ph119402$2czenas
=650  07$aosobnosti$7ph115615$2czenas
=650  \7$aDetective literature$2ELB-g
=655  \7$akomentáře$7fd132578$2czenas
=773  0\$tXantypa$x1211-7587$gR. 1996, č. 1, 1. 1., s. 94$q1996:1<94$919960101$sXantypa (Příbram)
=910  \\$aABB060
=964  \\$a05
=964  \\$aB80
=995  \\$aČeská Literární Bibliografie
=FMT  RS
=OWN  \\$aUCLA
=SIF  \\$ami
=ZAZ  \\$d19960101$s1996$z1$l94

