=LDR  01429nab a22003614a 4500
=001  001556586
=003  CZ\PrUCL
=005  20200728124525.0
=008  170104e199602\\xr\\\\\\\\\\\\|||\||cze\d
=022  \\$a1210-4353
=035  \\$a(ISIS-B80-ID)B9044328
=035  \\$a(ISIS-B80-MFN)92587
=040  \\$aABB060$bcze
=080  \\$a(047.53)$2MRF
=100  1\$aKlíma, Ivan$d(1931- )$7jk01060513$4ive$1http://viaf.org/viaf/32047415
=245  10$aPři psaní jsem citově motivován :$bRozhovor se spisovatelem Ivanem Klímou /$cIvan Klíma ; ptala se Eva Vaňurová.
=380  \\$iMajor genre$aLiterature$leng
=381  \\$iMajor genre$aOther$leng
=520  2\$aRozhovor.
=524  \\$aKLÍMA, Ivan - VAŇUROVÁ, Eva: Při psaní jsem citově motivován : Rozhovor se spisovatelem Ivanem Klímou. Ptala se Eva Vaňurová. Koktejl. Roč. 5, 1996, č. 2, únor, s. 108-111.
=600  17$aKlíma, Ivan$7jk01060513$d(1931- )$2czenas$1http://viaf.org/viaf/32047415
=650  07$aosobnosti$7ph115615$2czenas
=655  \7$arozhovory$7fd133303$2czenas
=700  1\$aVaňurová, Eva$4ivr$7ola2011627204$1http://viaf.org/viaf/168394754
=773  0\$tKoktejl$x1210-4353$gRoč. 5, 1996, č. 2, únor, s. 108-111$q5:2<108$9199602$sKoktejl (Ústí nad Labem)
=910  \\$aABB060
=964  \\$a05
=964  \\$aB80
=995  \\$aČeská Literární Bibliografie
=FMT  RS
=OWN  \\$aUCLA
=SIF  \\$ami
=ZAZ  \\$d199602$s5$z2$l108

