=LDR  01339nab a22003734a 4500
=001  001556587
=003  CZ\PrUCL
=008  170104e19960207xr\\\\\\\\\\\\|||\||cze\d
=035  \\$a(ISIS-B80-ID)B9044329
=035  \\$a(ISIS-B80-MFN)92588
=040  \\$aABB060$bcze
=080  \\$a(047.53)$2MRF
=100  1\$aŽelezný, Ivo$d(1950- )$7jk01153088$4aut$1http://viaf.org/viaf/60502894
=245  10$aNa 15 otázek odpovídá Ivo Železný, nakladatel, překladatel /$cIvo Železný
=380  \\$iMajor genre$aLiterature$leng
=381  \\$iMajor genre$aOther$leng
=500  \\$aNepodepsáno.
=520  2\$aRozhovor; Ivo Železný.
=524  \\$aŽELEZNÝ, Ivo: Na 15 otázek odpovídá Ivo Železný, nakladatel, překladatel. Story. Roč. 3, 1996, č. 7, 7. 2., s. 39.
=600  17$aŽelezný, Ivo$d(1950- )$7jk01153088$2czenas$1http://viaf.org/viaf/60502894
=610  24$aIvo Železný$xOPRAVA UCL
=650  04$anakladatelské otázky$xOPRAVA UCL
=650  07$aosobnosti$7ph115615$2czenas
=655  \7$arozhovory$7fd133303$2czenas
=773  0\$tStory$x1211-1848$gRoč. 3, 1996, č. 7, 7. 2., s. 39$q3:7<39$919960207$sStory (Praha)
=910  \\$aABB060
=964  \\$a02.09.01
=964  \\$a05
=964  \\$aB80
=995  \\$aČeská Literární Bibliografie
=FMT  RS
=OWN  \\$aUCLA
=SIF  \\$ami
=ZAZ  \\$d19960207$s3$z7$l39

