=LDR  01388nab a22003374a 4500
=001  001556588
=003  CZ\PrUCL
=008  170104e19960211xr\\\\\\\\\\\\|||\||cze\d
=035  \\$a(ISIS-B80-ID)B9044330
=035  \\$a(ISIS-B80-MFN)92589
=040  \\$aABB060$bcze
=080  \\$a(047)$2MRF
=100  1\$aSocha, Josef$d(1943- )$7mzk2013740486$4aut$1http://viaf.org/viaf/295698044
=245  10$aKrálovéhradečtí vzpomínali na Jaroslava Durycha /$c(jso) [=Socha, Josef]
=380  \\$iMajor genre$aSecondary literature$leng
=520  2\$aZpráva o sympoziu "Druhá literární laboratoř Bloudění časem a prostorem - Jaroslav Durych známý i neznámý" (25.-26. 1.).
=524  \\$a(jso) [=SOCHA, Josef]: Královéhradečtí vzpomínali na Jaroslava Durycha. Katolický týdeník. Roč. 7, 1996, č. 6, 11. 2., s. 4.
=600  17$aDurych, Jaroslav$d(1886-1962)$7jk01023358$2czenas$1http://viaf.org/viaf/66496121
=650  04$aliterárněvědné konference$xOPRAVA UCL
=650  07$aosobnosti$7ph115615$2czenas
=655  \7$azprávy$7fd133875$2czenas
=773  0\$tKatolický týdeník$x0862-5557$gRoč. 7, 1996, č. 6, 11. 2., s. 4$q7:6<4$919960211$sKatolický týdeník (Print)
=910  \\$aABB060
=964  \\$a02.10.02
=964  \\$a05
=964  \\$aB80
=995  \\$aČeská Literární Bibliografie
=FMT  RS
=OWN  \\$aUCLA
=SIF  \\$ami
=ZAZ  \\$d19960211$s7$z6$l4

