=LDR  01190nab a22003134a 4500
=001  001556589
=003  CZ\PrUCL
=008  170104e19960211xr\\\\\\\\\\\\|||\||cze\d
=035  \\$a(ISIS-B80-ID)B9044331
=035  \\$a(ISIS-B80-MFN)92590
=040  \\$aABB060$bcze
=080  \\$a(0.072)$2MRF
=100  1\$aSlavík, Ivan$d(1920-2002)$4aut$xOPRAVA UCL$1http://viaf.org/viaf/76392272
=245  10$aModlitby básníků :$bJulius Zeyer (1841-1901) /$cIvan Slavík
=380  \\$iMajor genre$aSecondary literature$leng
=520  2\$aKomentář k ukázce z poemy o Chorázovi.
=524  \\$aSLAVÍK, Ivan: Modlitby básníků : Julius Zeyer (1841-1901). Katolický týdeník. Roč. 7, 1996, č. 6, 11. 2., s. 9.
=600  17$aZeyer, Julius$d(1841-1901)$7jk01152552$2czenas$1http://viaf.org/viaf/24621314
=650  07$aosobnosti$7ph115615$2czenas
=655  \7$akomentáře$7fd132578$2czenas
=773  0\$tKatolický týdeník$x0862-5557$gRoč. 7, 1996, č. 6, 11. 2., s. 9$q7:6<9$919960211$sKatolický týdeník (Print)
=910  \\$aABB060
=964  \\$a05
=964  \\$aB80
=995  \\$aČeská Literární Bibliografie
=FMT  RS
=OWN  \\$aUCLA
=SIF  \\$ami
=ZAZ  \\$d19960211$s7$z6$l9

