=LDR  01253nab a22003494a 4500
=001  001556590
=003  CZ\PrUCL
=005  20190923132220.0
=008  170104e19960201xr\\\\\\\\\\\\|||\||cze\d
=022  \\$a0139-6617
=035  \\$a(ISIS-B80-ID)B9044332
=035  \\$a(ISIS-B80-MFN)92591
=040  \\$aABB060$bcze
=080  \\$a(046)$2MRF
=100  1\$aČerník, Michal$d(1943- )$7jk01021422$4aut$1http://viaf.org/viaf/65400419
=245  10$aKudy chodil Karel Klostermann /$cMichal Černík.
=380  \\$iMajor genre$aSecondary literature$leng
=520  2\$aČlánek a fotografie z putování po Šumavě, po místech kde žil K. K.
=524  \\$aČERNÍK, Michal: Kudy chodil Karel Klostermann. Vlasta. Roč. 50, 1996, č. 6, 1. 2., s. 22-23.
=600  17$aKlostermann, Karel$d(1848-1923)$7jk01060677$2czenas$1http://viaf.org/viaf/810251
=650  07$aosobnosti$7ph115615$2czenas
=651  \4$aŠumava$xOPRAVA UCL
=655  \7$ačlánky$7fd133976$2czenas
=773  0\$tVlasta$x0139-6617$gRoč. 50, 1996, č. 6, 1. 2., s. 22-23$q50:6<22$919960201$sVlasta (Praha)
=910  \\$aABB060
=964  \\$a05
=964  \\$aB80
=995  \\$aČeská Literární Bibliografie
=FMT  RS
=OWN  \\$aUCLA
=SIF  \\$ami
=ZAZ  \\$d19960201$s50$z6$l22

