=LDR  01285nab a22003374a 4500
=001  001556591
=003  CZ\PrUCL
=008  170104e19960208xr\\\\\\\\\\\\|||\||cze\d
=035  \\$a(ISIS-B80-ID)B9044333
=035  \\$a(ISIS-B80-MFN)92592
=040  \\$aABB060$bcze
=080  \\$a(047.53)$2MRF
=100  1\$aŠtíplová, Ljuba$d(1930-2009)$7jk01131441$4ive$1http://viaf.org/viaf/17292795
=245  10$aCo na tom, že jsme dospělí! /$cLjuba Štíplová ; ptala se Šárka Voršilková
=380  \\$iMajor genre$aLiterature$leng
=381  \\$iMajor genre$aOther$leng
=520  2\$aRozhovor.
=524  \\$aŠTÍPLOVÁ, Ljuba - VORŠILKOVÁ, Šárka: Co na tom, že jsme dospělí!. Ptala se Šárka Voršilková. Vlasta. Roč. 50, 1996, č. 7, 8. 2., s. 20-21.
=600  17$aŠtíplová, Ljuba$d(1930-2009)$7jk01131441$2czenas$1http://viaf.org/viaf/17292795
=650  07$aosobnosti$7ph115615$2czenas
=655  \7$arozhovory$7fd133303$2czenas
=700  1\$aVoršilková, Šárka$4ivr$xOPRAVA UCL
=773  0\$tVlasta$x0139-6617$gRoč. 50, 1996, č. 7, 8. 2., s. 20-21$q50:7<20$919960208$sVlasta (Praha)
=910  \\$aABB060
=964  \\$a05
=964  \\$aB80
=995  \\$aČeská Literární Bibliografie
=FMT  RS
=OWN  \\$aUCLA
=SIF  \\$ami
=ZAZ  \\$d19960208$s50$z7$l20

