=LDR  01700nab a22004094a 4500
=001  001556592
=003  CZ\PrUCL
=005  20170227165008.0
=008  170104e19960207xr\\\\\\\\\\\\|||\||cze\d
=022  \\$a0323-2042
=035  \\$a(ISIS-B80-ID)B9044334
=035  \\$a(ISIS-B80-MFN)92593
=040  \\$aABB060$bcze
=080  \\$a(047.53)$2MRF
=100  1\$aAdamovič, Ivan$d(1967- )$7jn99240000010$4ive$1http://viaf.org/viaf/264805669
=245  10$aChodící encyklopedista /$cIvan Adamovič ; rozmlouval Roman Lipčík.
=380  \\$iMajor genre$aLiterature$leng
=381  \\$iMajor genre$aOther$leng
=520  2\$aRozhovor s šéfredaktorem revue Živel, autorem mj. : Slovník české literární fantastiky a science fiction.
=524  \\$aADAMOVIČ, Ivan - LIPČÍK, Roman: Chodící encyklopedista. Rozmlouval Roman Lipčík. Mladý svět. Roč. 38, 1996, č. 6, 7. 2., s. 35.
=600  17$aAdamovič, Ivan$d(1967- )$7jn99240000010$2czenas$1http://viaf.org/viaf/264805669
=650  04$asci-fi$xOPRAVA UCL
=650  04$aučebnice, slovníky a příručky$xOPRAVA UCL
=650  07$aosobnosti$7ph115615$2czenas
=655  \7$arozhovory$7fd133303$2czenas
=700  1\$aLipčík, Roman$d(1958- )$4ivr$7jo20000071911$1http://viaf.org/viaf/84110752
=773  0\$tMladý svět$x0323-2042$gRoč. 38, 1996, č. 6, 7. 2., s. 35$q38:6<35$919960207$sMladý svět (1959)
=787  08$aAdamovič, Ivan$tSlovník české literární fantastiky a science fiction$dPraha : R3, 1995$4slovník
=910  \\$aABB060
=964  \\$a02.12.04
=964  \\$a05
=964  \\$aB80
=995  \\$aČeská Literární Bibliografie
=FMT  RS
=OWN  \\$aUCLA
=SIF  \\$ami
=ZAZ  \\$d19960207$s38$z6$l35

