=LDR  01743nab a22004334a 4500
=001  001556593
=003  CZ\PrUCL
=005  20200525123949.0
=008  170104e19960207xr\\\\\\\\\\\\|||\||cze\d
=022  \\$a0323-2042
=035  \\$a(ISIS-B80-ID)B9044335
=035  \\$a(ISIS-B80-MFN)92594
=040  \\$aABB060$bcze
=080  \\$a(047.53)$2MRF
=100  1\$aKundera, Ludvík$d(1920-2010)$4ive$xOPRAVA UCL$1http://viaf.org/viaf/12357881
=245  10$aČím by byl Neruda bez Heina, čím Halas bez Trakla? :$bPro citlivé vlastence rmutný rozhovor /$cLudvík Kundera ; rozmlouval Jan Kašpar.
=380  \\$iMajor genre$aLiterature$leng
=381  \\$iMajor genre$aOther$leng
=520  2\$aRozhovor o překládání německé poezie.
=524  \\$aKUNDERA, Ludvík - KAŠPAR, Jan: Čím by byl Neruda bez Heina, čím Halas bez Trakla? : Pro citlivé vlastence rmutný rozhovor. Rozmlouval Jan Kašpar. Mladý svět. Roč. 38, 1996, č. 6, 7. 2., s. 46-48.
=600  14$aKundera, Ludvík$d(1920-2010)$xOPRAVA UCL$1http://viaf.org/viaf/12357881
=650  07$aněmecká poezie$7ph123496$2czenas
=650  07$aosobnosti$7ph115615$2czenas
=650  07$apřekladatelství$7ph124891$2czenas
=650  \7$aGerman literature$2ELB-n
=650  \7$aPoetry$2ELB-g
=655  \7$arozhovory$7fd133303$2czenas
=700  1\$aKašpar, Jan$d(1950- )$4ivr$7jn19990216095$1http://viaf.org/viaf/118410453
=773  0\$tMladý svět$x0323-2042$gRoč. 38, 1996, č. 6, 7. 2., s. 46-48$q38:6<46$919960207$sMladý svět (1959)
=910  \\$aABB060
=964  \\$a02.08
=964  \\$a04.17.01
=964  \\$a05
=964  \\$aB80
=995  \\$aČeská Literární Bibliografie
=FMT  RS
=OWN  \\$aUCLA
=SIF  \\$ami
=ZAZ  \\$d19960207$s38$z6$l46

