=LDR  01565nab a22003974a 4500
=001  001556594
=003  CZ\PrUCL
=008  170104e19960214xr\\\\\\\\\\\\|||\||cze\d
=035  \\$a(ISIS-B80-ID)B9044336
=035  \\$a(ISIS-B80-MFN)92595
=040  \\$aABB060$bcze
=080  \\$a(0:82-95)$2MRF
=100  1\$aHalada, Andrej$d(1967- )$7jn20000400851$4aut$1http://viaf.org/viaf/38685098
=245  10$aMemoárový bedekr s příchutí zmrzliny /$cAndrej Halada
=380  \\$iMajor genre$aSecondary literature$leng
=520  2\$aRecenze.
=524  \\$aHALADA, Andrej: Memoárový bedekr s příchutí zmrzliny. Mladý svět. Roč. 38, 1996, č. 7, 14. 2., s. 37.
=600  17$aFuks, Ladislav$d(1923-1994)$7jk01032159$2czenas$1http://viaf.org/viaf/22183852
=600  17$aTušl, Jiří$d(1943- )$7kup19960000103438$2czenas$1http://viaf.org/viaf/42021152
=648  \7$a1991-2000$7ch460587$2czenas
=650  07$aosobnosti$7ph115615$2czenas
=650  07$ačeská próza$7ph116861$2czenas
=650  \7$aCzech literature$2ELB-n
=655  \7$arecenze$7fd133231$2czenas
=773  0\$tMladý svět$x0323-2042$gRoč. 38, 1996, č. 7, 14. 2., s. 37$q38:7<37$919960214$sMladý svět (1959)
=787  08$iRecenze na:$aFuks, Ladislav$tMoje zrcadlo$nK vydání připravil a doplnil Jiří Tušl$h480 s.$dPraha : Melantrich, 1995$4paměti
=910  \\$aABB060
=964  \\$a03.15.02
=964  \\$a05
=964  \\$aB80
=995  \\$aČeská Literární Bibliografie
=FMT  RS
=OWN  \\$aUCLA
=SIF  \\$ami
=ZAR  \\$s480 s.$hpaměti
=ZAZ  \\$d19960214$s38$z7$l37

