=LDR  01437nab a22003614a 4500
=001  001556595
=003  CZ\PrUCL
=005  20200303144054.0
=008  170104e19960217xr\\\\\\\\\\\\|||\||cze\d
=022  \\$a1211-2119
=035  \\$a(ISIS-B80-ID)B9044337
=035  \\$a(ISIS-B80-MFN)92596
=040  \\$aABB060$bcze
=080  \\$a(047.53)$2MRF
=100  1\$aMahler, Zdeněk$d(1928-2018)$7jk01072871$4ive$1http://viaf.org/viaf/268709643
=245  10$aJakmile hájíte národní zájmy, hned vás připlácnou k dinosaurům /$cZdeněk Mahler ; rozmlouval Martin Hekrdla.
=380  \\$iMajor genre$aLiterature$leng
=381  \\$iMajor genre$aOther$leng
=520  2\$aRozhovor.
=524  \\$aMAHLER, Zdeněk - HEKRDLA, Martin: Jakmile hájíte národní zájmy, hned vás připlácnou k dinosaurům. Rozmlouval Martin Hekrdla. Právo. Roč. 6, 1996, č. 41, 17. 2., s. 1 a 4.
=600  17$aMahler, Zdeněk$d(1928-2018)$7jk01072871$2czenas$1http://viaf.org/viaf/268709643
=650  07$aosobnosti$7ph115615$2czenas
=655  \7$arozhovory$7fd133303$2czenas
=700  1\$aHekrdla, Martin$d(1956- )$4ivr$7mzk2002106335$1http://viaf.org/viaf/84513433
=773  0\$tPrávo$x1211-2119$gRoč. 6, 1996, č. 41, 17. 2., s. 1 a 4$q6:41<1$919960217$sPrávo (Praha)
=910  \\$aABB060
=964  \\$a05
=964  \\$aB80
=995  \\$aČeská Literární Bibliografie
=FMT  RD
=OWN  \\$aUCLA
=SIF  \\$ami
=ZAZ  \\$d19960217$s6$z41$l1

