=LDR  01262nab a22003494a 4500
=001  001556596
=003  CZ\PrUCL
=005  20191217163916.0
=008  170104e19960217xr\\\\\\\\\\\\|||\||cze\d
=035  \\$a(ISIS-B80-ID)B9044338
=035  \\$a(ISIS-B80-MFN)92597
=040  \\$aABB060$bcze
=080  \\$a(0:82-4)$2MRF
=100  1\$aDostál, Pavel$d(1943-2005)$7jk01022815$4aut$1http://viaf.org/viaf/43153833228264332117
=245  10$aDen s Františkem Ringo Čechem /$cPavel Dostál.
=380  \\$iMajor genre$aLiterature$leng
=381  \\$iMajor genre$aOther$leng
=520  2\$aReportáž.
=524  \\$aDOSTÁL, Pavel: Den s Františkem Ringo Čechem. Právo. Roč. 6, 1996, č. 41, 17. 2., příl. Magazín Práva, s. 4-5.
=600  17$aČech, František Ringo$d(1943- )$7jn19990209112$2czenas$1http://viaf.org/viaf/11049653
=650  07$aosobnosti$7ph115615$2czenas
=655  \7$areportáže$7fd133252$2czenas
=773  0\$tMagazín Práva
=773  0\$tPrávo$x1211-2119$gRoč. 6, 1996, č. 41, 17. 2., příl. Magazín Práva, s. 4-5$q6:41<4$919960217$sPrávo (Praha)
=910  \\$aABB060
=964  \\$a05
=964  \\$aB80
=995  \\$aČeská Literární Bibliografie
=FMT  RD
=OWN  \\$aUCLA
=SIF  \\$ami
=ZAZ  \\$d19960217$s6$z41$l4

