=LDR  01395nab a22003854a 4500
=001  001556597
=003  CZ\PrUCL
=005  20191007224108.0
=008  170104e19960219xr\\\\\\\\\\\\|||\||cze\d
=022  \\$a1211-2119
=035  \\$a(ISIS-B80-ID)B9044339
=035  \\$a(ISIS-B80-MFN)92598
=040  \\$aABB060$bcze
=080  \\$a(0:82-95)$2MRF
=100  1\$aKováč, Peter
=245  10$aNaše postmoderní paní Němcová /$cPeter Kováč.
=380  \\$iMajor genre$aSecondary literature$leng
=520  2\$aRecenze; zvl. o ilustracích: Velíšek Martin.
=524  \\$aKOVÁČ, Peter: Naše postmoderní paní Němcová. Právo. Roč. 6, 1996, č. 42, 19. 2., s. 10.
=600  17$aNěmcová, Božena$d(1820-1862)$7jk01083016$2czenas$1http://viaf.org/viaf/56763450
=600  17$aVelíšek, Martin$d(1963- )$7jn20000402508$2czenas$1http://viaf.org/viaf/84019071
=650  07$ailustrace$7ph114755$2czenas
=650  07$aosobnosti$7ph115615$2czenas
=655  \7$arecenze$7fd133231$2czenas
=773  0\$tPrávo$x1211-2119$gRoč. 6, 1996, č. 42, 19. 2., s. 10$q6:42<10$919960219$sPrávo (Praha)
=787  08$iRecenze na:$aNěmcová, Božena$tBabička$k(Edice klasiků)$dProstor$4román
=910  \\$aABB060
=964  \\$a05
=964  \\$aB80
=995  \\$aČeská Literární Bibliografie
=FMT  RD
=OWN  \\$aUCLA
=SIF  \\$ami
=ZAR  \\$hromán
=ZAZ  \\$d19960219$s6$z42$l10

