=LDR  01814nab a22004214a 4500
=001  001556598
=003  CZ\PrUCL
=005  20170510121843.0
=008  170104e19960219xr\\\\\\\\\\\\|||\||cze\d
=022  \\$a0231-6374
=035  \\$a(ISIS-B80-ID)B9044340
=035  \\$a(ISIS-B80-MFN)92599
=040  \\$aABB060$bcze
=100  1\$aNovotný, Vladimír$d(1946- )$4aut$xOPRAVA UCL$1http://viaf.org/viaf/71551516
=245  10$aV Torstu je všech tvůrců ráj /$cVladimír Novotný.
=380  \\$iMajor genre$aSecondary literature$leng
=520  2\$aPoznámka k vydání; též o dalších knihách vydaných Torstem: Kožmín Zdeněk, Studie a kritiky; Zach Aleš, Kniha a český exil 1949-1990.
=524  \\$aNOVOTNÝ, Vladimír: V Torstu je všech tvůrců ráj. Práce. Roč. 52, 1996, č. 42, 19. 2., s. 11.
=600  17$aKožmín, Zdeněk$d(1925-2007)$7jk01062674$2czenas$1http://viaf.org/viaf/68976457
=600  17$aLopatka, Jan$d(1940-1993)$7jk01072390$2czenas$1http://viaf.org/viaf/2529800
=600  17$aZach, Aleš$d(1941- )$7jk01151972$2czenas$1http://viaf.org/viaf/307064
=648  \7$a1951-2000$7ch460577$2czenas
=650  04$ačeská literární kritika$xOPRAVA UCL
=650  07$aexil$7ph120088$2czenas
=655  \4$apoznámky k vydání$xOPRAVA UCL
=773  0\$tPráce$x0231-6374$gRoč. 52, 1996, č. 42, 19. 2., s. 11$q52:42<11$919960219$sPráce (Praha)
=787  08$aKožmín, Zdeněk$tStudie a kritiky$4soubor statí
=787  08$aLopatka, Jan$tŠifra lidské existence$dTorst$4soubor textů
=787  08$aZach, Aleš$tKniha a český exil 1949-1990$4bibliografický slovník
=910  \\$aABB060
=964  \\$a03.16.06
=964  \\$a05
=964  \\$aB80
=995  \\$aČeská Literární Bibliografie
=FMT  RD
=OWN  \\$aUCLA
=SIF  \\$ami
=ZAZ  \\$d19960219$s52$z42$l11

