=LDR  01541nab a22003614a 4500
=001  001556599
=003  CZ\PrUCL
=005  20190611140905.0
=008  170104e19960216xr\\\\\\\\\\\\|||\||cze\d
=022  \\$a1211-0302
=035  \\$a(ISIS-B80-ID)B9044341
=035  \\$a(ISIS-B80-MFN)92600
=040  \\$aABB060$bcze
=080  \\$a(047)$2MRF
=100  1\$aUrban, Vít$d(1943-2002)$7jk01140832$4aut$1http://viaf.org/viaf/83945747
=245  10$aJaroslav Durych a obrana španělských katolíků /$cVít Urban.
=380  \\$iMajor genre$aSecondary literature$leng
=520  2\$aUkázka z referátu předneseného na konferenci Bloudění časem a prostorem - Jaroslav Durych známý i neznámý (Hradec Králové, 25.-26. 1. 1996); též o: Čapek Karel.
=524  \\$aURBAN, Vít: Jaroslav Durych a obrana španělských katolíků. Český týdeník. Roč. 2, 1996, č. 117, 16.-19. 2., s. 12.
=600  17$aDurych, Jaroslav$d(1886-1962)$7jk01023358$2czenas$1http://viaf.org/viaf/66496121
=600  17$aČapek, Karel$d(1890-1938)$7jk01021023$2czenas$1http://viaf.org/viaf/34454129
=650  07$aosobnosti$7ph115615$2czenas
=651  \7$aŠpanělsko$7ge131543$2czenas
=655  \7$areferáty$7fd133236$2czenas
=773  0\$tČeský týdeník$x1211-0302$gRoč. 2, 1996, č. 117, 16.-19. 2., s. 12$q2:117<12$919960216-19960219$sČeský týdeník
=910  \\$aABB060
=964  \\$a05
=964  \\$aB80
=995  \\$aČeská Literární Bibliografie
=FMT  RS
=OWN  \\$aUCLA
=SIF  \\$ami
=ZAZ  \\$d19960216-19960219$s2$z117$l12

