=LDR  01482nab a22004214a 4500
=001  001556600
=003  CZ\PrUCL
=005  20190824162110.0
=008  170104e19960219xr\\\\\\\\\\\\|||\||cze\d
=022  \\$a1210-9940
=035  \\$a(ISIS-B80-ID)B9044342
=035  \\$a(ISIS-B80-MFN)92601
=040  \\$aABB060$bcze
=080  \\$a(0:82-95)$2MRF
=100  1\$aČervenková, Jana$d(1939- )$7jk01021693$4aut$1http://viaf.org/viaf/10257468
=245  10$aBohuslav Reynek: Básnické spisy /$cJana Červenková.
=380  \\$iMajor genre$aSecondary literature$leng
=520  2\$aRecenze.
=524  \\$aČERVENKOVÁ, Jana: Bohuslav Reynek: Básnické spisy. Týden. Roč. 3, 1996, č. 8, 19. 2., s. 57.
=600  17$aReynek, Bohuslav$d(1892-1971)$7jk01102385$2czenas$1http://viaf.org/viaf/44443053
=648  \7$a1951-2000$7ch460577$2czenas
=650  07$aosobnosti$7ph115615$2czenas
=650  07$ačeská poezie$7ph150471$2czenas
=650  \7$aCzech literature$2ELB-n
=650  \7$aPoetry$2ELB-g
=655  \7$arecenze$7fd133231$2czenas
=773  0\$tTýden$x1210-9940$gRoč. 3, 1996, č. 8, 19. 2., s. 57$q3:8<57$919960219$sTýden (Praha)
=787  08$iRecenze na:$aReynek, Bohuslav$tBásnické spisy$dZlín : Archa, 1995$4sbírka básní
=910  \\$aABB060
=964  \\$a03.16.01
=964  \\$a05
=964  \\$aB80
=995  \\$aČeská Literární Bibliografie
=FMT  RS
=OWN  \\$aUCLA
=SIF  \\$ami
=ZAR  \\$hsbírka básní
=ZAZ  \\$d19960219$s3$z8$l57

