=LDR  01397nab a22003974a 4500
=001  001556601
=003  CZ\PrUCL
=008  170104e19960219xr\\\\\\\\\\\\|||\||cze\d
=035  \\$a(ISIS-B80-ID)B9044343
=035  \\$a(ISIS-B80-MFN)92602
=040  \\$aABB060$bcze
=080  \\$a(0:82-95)$2MRF
=100  1\$aŠtolba, Jan$d(1957- )$7jn19990218117$4aut$1http://viaf.org/viaf/40298654
=245  10$aNic na dosah /$cJan Štolba
=380  \\$iMajor genre$aSecondary literature$leng
=520  2\$aRecenze.
=524  \\$aŠTOLBA, Jan: Nic na dosah. Týden. Roč. 3, 1996, č. 8, 19. 2., s. 58.
=600  17$aMilota, Karel$d(1937-2002)$7jk01081727$2czenas$1http://viaf.org/viaf/51933424
=648  \7$a1991-2000$7ch460587$2czenas
=650  07$aosobnosti$7ph115615$2czenas
=650  07$ačeská poezie$7ph150471$2czenas
=650  \7$aCzech literature$2ELB-n
=650  \7$aPoetry$2ELB-g
=655  \7$arecenze$7fd133231$2czenas
=773  0\$tTýden$x1210-9940$gRoč. 3, 1996, č. 8, 19. 2., s. 58$q3:8<58$919960219$sTýden (Praha)
=787  08$iRecenze na:$aMilota, Karel$tAntilogie aneb protisloví$h105 s.$dPraha : Mladá fronta, 1995$4sbírka básní
=910  \\$aABB060
=964  \\$a03.15.01
=964  \\$a05
=964  \\$aB80
=995  \\$aČeská Literární Bibliografie
=FMT  RS
=OWN  \\$aUCLA
=SIF  \\$ami
=ZAR  \\$s105 s.$hsbírka básní
=ZAZ  \\$d19960219$s3$z8$l58

