=LDR  01427nab a22003614a 4500
=001  001556602
=003  CZ\PrUCL
=008  170104e19960219xr\\\\\\\\\\\\|||\||cze\d
=035  \\$a(ISIS-B80-ID)B9044344
=035  \\$a(ISIS-B80-MFN)92603
=040  \\$aABB060$bcze
=080  \\$a(047.53)$2MRF
=100  1\$aBratršovská, Zdena$d(1951- )$7jk01013004$4ive$1http://viaf.org/viaf/51870881
=245  10$aSvět jako groteska /$cZdena Bratršovská, František Hrdlička ; rozmlouvala Jaroslava Janderová
=380  \\$iMajor genre$aLiterature$leng
=381  \\$iMajor genre$aOther$leng
=520  2\$aRozhovor.
=524  \\$aBRATRŠOVSKÁ, Zdena - HRDLIČKA, František - JANDEROVÁ, Jaroslava et al.: Svět jako groteska. Rozmlouvala Jaroslava Janderová. Týden. Roč. 3, 1996, č. 8, 19. 2., s. 78-79.
=600  14$aHrdlička, František$xOPRAVA UCL
=600  17$aBratršovská, Zdena$d(1951- )$7jk01013004$2czenas$1http://viaf.org/viaf/51870881
=650  07$aosobnosti$7ph115615$2czenas
=655  \7$arozhovory$7fd133303$2czenas
=700  1\$aHrdlička, František$4aut$xOPRAVA UCL
=700  1\$aJanderová, Jaroslava$4ivr$xOPRAVA UCL
=773  0\$tTýden$x1210-9940$gRoč. 3, 1996, č. 8, 19. 2., s. 78-79$q3:8<78$919960219$sTýden (Praha)
=910  \\$aABB060
=964  \\$a05
=964  \\$aB80
=995  \\$aČeská Literární Bibliografie
=FMT  RS
=OWN  \\$aUCLA
=SIF  \\$ami
=ZAZ  \\$d19960219$s3$z8$l78

