=LDR  01387nab a22003254a 4500
=001  001556603
=003  CZ\PrUCL
=008  170104e19960201xr\\\\\\\\\\\\|||\||cze\d
=035  \\$a(ISIS-B80-ID)B9044345
=035  \\$a(ISIS-B80-MFN)92604
=040  \\$aABB060$bcze
=080  \\$a(0:82-94)$2MRF
=100  1\$aKřížek, Josef$4aut$xOPRAVA UCL
=245  10$aSpisovatel inspirovaný osudy rodného kraje :$bK nadcházejícímu výročí úmrtí západočeského prozaika a básníka JUDr. Karla Fleissiga /$cJosef Křížek
=380  \\$iMajor genre$aLiterature$leng
=381  \\$iMajor genre$aOther$leng
=520  2\$aMedailon; (4. 1. 1912 Sulkov u Plzně-7. 2. 1976 Plzeň).
=524  \\$aKŘÍŽEK, Josef: Spisovatel inspirovaný osudy rodného kraje : K nadcházejícímu výročí úmrtí západočeského prozaika a básníka JUDr. Karla Fleissiga. Plzeňský deník. Roč. 5, 1996, č. 27, 1. 2., s. 11.
=600  17$aFleissig, Karel$d(1912-1976)$7jk01031420$2czenas$1http://viaf.org/viaf/31554191
=650  07$aosobnosti$7ph115615$2czenas
=655  \7$amedailony$7fd185951$2czenas
=773  0\$tPlzeňský deník$x1210-5139$gRoč. 5, 1996, č. 27, 1. 2., s. 11$q5:27<11$919960201$sPlzeňský deník
=910  \\$aABB060
=964  \\$a05
=964  \\$aB80
=995  \\$aČeská Literární Bibliografie
=FMT  RD
=OWN  \\$aUCLA
=SIF  \\$ami
=ZAZ  \\$d19960201$s5$z27$l11

