=LDR  01272nab a22003374a 4500
=001  001556604
=003  CZ\PrUCL
=008  170104e19960203xr\\\\\\\\\\\\|||\||cze\d
=035  \\$a(ISIS-B80-ID)B9044346
=035  \\$a(ISIS-B80-MFN)92605
=040  \\$aABB060$bcze
=080  \\$a(047.53)$2MRF
=100  1\$aDevátá, Ivanka$d(1935- )$7jn19990209138$4ive$1http://viaf.org/viaf/52498133
=245  10$aNa devátou s Devátou /$cIvanka Devátá ; povídala si Olga Čermáková
=380  \\$iMajor genre$aLiterature$leng
=381  \\$iMajor genre$aOther$leng
=520  2\$aRozhovor.
=524  \\$aDEVÁTÁ, Ivanka - ČERMÁKOVÁ, Olga: Na devátou s Devátou. Povídala si Olga Čermáková. Plzeňský deník. Roč. 5, 1996, č. 29, 3. 2., s. 5.
=600  17$aDevátá, Ivanka$d(1935- )$7jn19990209138$2czenas$1http://viaf.org/viaf/52498133
=650  07$aosobnosti$7ph115615$2czenas
=655  \7$arozhovory$7fd133303$2czenas
=700  1\$aČermáková, Olga$4ivr$xOPRAVA UCL
=773  0\$tPlzeňský deník$x1210-5139$gRoč. 5, 1996, č. 29, 3. 2., s. 5$q5:29<5$919960203$sPlzeňský deník
=910  \\$aABB060
=964  \\$a05
=964  \\$aB80
=995  \\$aČeská Literární Bibliografie
=FMT  RD
=OWN  \\$aUCLA
=SIF  \\$ami
=ZAZ  \\$d19960203$s5$z29$l5

