=LDR  01345nab a22003614a 4500
=001  001556605
=003  CZ\PrUCL
=005  20200717095222.0
=008  170104e19960210xr\\\\\\\\\\\\|||\||cze\d
=022  \\$a1210-5139
=035  \\$a(ISIS-B80-ID)B9044347
=035  \\$a(ISIS-B80-MFN)92606
=040  \\$aABB060$bcze
=080  \\$a(049.2)$2MRF
=100  1\$aVerner, Pavel$d(1947-2009)$7jk01142075$4aut$1http://viaf.org/viaf/85971375
=245  10$aKrálova trapná pitva :$bZamyšlení /$cPavel Verner.
=380  \\$iMajor genre$aLiterature$leng
=381  \\$iMajor genre$aOther$leng
=520  2\$aPolemika s článkem: Král Petr (Literární noviny č. 3/1996).
=524  \\$aVERNER, Pavel: Králova trapná pitva : Zamyšlení. Plzeňský deník. Roč. 5, 1996, č. 35, 10. 2., s. 5.
=600  14$aKryl, Karel$d(1944-1994)$xOPRAVA UCL$1http://viaf.org/viaf/64127142
=600  17$aKrál, Petr$d(1941-2020)$7jk01062798$2czenas$1http://viaf.org/viaf/19679709
=650  07$aosobnosti$7ph115615$2czenas
=655  \7$apolemiky$7fd133058$2czenas
=773  0\$tPlzeňský deník$x1210-5139$gRoč. 5, 1996, č. 35, 10. 2., s. 5$q5:35<5$919960210$sPlzeňský deník
=910  \\$aABB060
=964  \\$a05
=964  \\$aB80
=995  \\$aČeská Literární Bibliografie
=FMT  RD
=OWN  \\$aUCLA
=SIF  \\$ami
=ZAZ  \\$d19960210$s5$z35$l5

