=LDR  01532nab a22003614a 4500
=001  001556606
=003  CZ\PrUCL
=005  20150214000000.0
=008  150214e19960215xr\\\\\\\\\\\\|||\||cze\d
=035  \\$a(ISIS-B80-ID)B9044348
=035  \\$a(ISIS-B80-MFN)92607
=040  \\$aABB060$bcze
=080  \\$a(047.53)$2MRF
=100  1\$aMaléřová, Zuzana$d(1965- )$7jn20000401715$4ive$1http://viaf.org/viaf/75415187
=245  10$aZuzana Maléřová si napsala o manžela /$cZuzana Maléřová ; rozmlouval Miroslav Graclík
=380  \\$iMajor genre$aLiterature$leng
=381  \\$iMajor genre$aOther$leng
=520  2\$aRozhovor o mužích.
=524  \\$aMALÉŘOVÁ, Zuzana - GRACLÍK, Miroslav: Zuzana Maléřová si napsala o manžela. Rozmlouval Miroslav Graclík. Plzeňský deník. Roč. 5, 1996, č. 39, 15. 2., příl. Maxi magazín pro ženy, 4, č. 7, s. 14.
=600  17$aMaléřová, Zuzana$d(1965- )$7jn20000401715$2czenas$1http://viaf.org/viaf/75415187
=650  07$aosobnosti$7ph115615$2czenas
=655  \7$arozhovory$7fd133303$2czenas
=700  1\$aGraclík, Miroslav$d(1967- )$4ivr$7jn20000400798$1http://viaf.org/viaf/26587326
=773  0\$tMaxi magazín pro ženy
=773  0\$tPlzeňský deník$x1210-5139$gRoč. 5, 1996, č. 39, 15. 2., příl. Maxi magazín pro ženy, 4, č. 7, s. 14$q5:39<14$919960215$sPlzeňský deník
=910  \\$aABB060
=964  \\$a05
=964  \\$aB80
=995  \\$aČeská Literární Bibliografie
=FMT  RD
=OWN  \\$aUCLA
=SIF  \\$ami
=ZAZ  \\$d19960215$s5$z39$l14

