=LDR  01505nab a22004094a 4500
=001  001556607
=003  CZ\PrUCL
=005  20170323123718.0
=008  170104e19960220xr\\\\\\\\\\\\|||\||cze\d
=022  \\$a1210-5139
=035  \\$a(ISIS-B80-ID)B9044349
=035  \\$a(ISIS-B80-MFN)92608
=040  \\$aABB060$bcze
=080  \\$a(0:82-95)$2MRF
=100  1\$aLacinová, Gabriela$4aut$xOPRAVA UCL
=245  10$aSaracénský čert v knižní podobě /$cGabriela Lacinová.
=380  \\$iMajor genre$aSecondary literature$leng
=520  2\$aRecenze.
=524  \\$aLACINOVÁ, Gabriela: Saracénský čert v knižní podobě. Plzeňský deník. Roč. 5, 1996, č. 43, 20. 2., s. 8.
=600  14$aVerner, Pavel$xOPRAVA UCL
=600  17$aKejha, Josef$d(1948- )$7ola2003169615$2czenas$1http://viaf.org/viaf/29942799
=648  \7$a1991-2000$7ch460587$2czenas
=650  07$aosobnosti$7ph115615$2czenas
=650  07$ačeská próza$7ph116861$2czenas
=650  \7$aCzech literature$2ELB-n
=655  \7$arecenze$7fd133231$2czenas
=773  0\$tPlzeňský deník$x1210-5139$gRoč. 5, 1996, č. 43, 20. 2., s. 8$q5:43<8$919960220$sPlzeňský deník
=787  08$iRecenze na:$aKejha, Josef - Verner, Pavel$tSaracénský čert aneb Husité před Plzní$dPlzeň : Master Art, 1995$4historická veselohra
=910  \\$aABB060
=964  \\$a03.15.02
=964  \\$a05
=964  \\$aB80
=995  \\$aČeská Literární Bibliografie
=FMT  RD
=OWN  \\$aUCLA
=SIF  \\$ami
=ZAZ  \\$d19960220$s5$z43$l8

