=LDR  01853nab a22004214a 4500
=001  001556608
=003  CZ\PrUCL
=005  20180903141103.0
=008  170104e19960216xr\\\\\\\\\\\\|||\||cze\d
=022  \\$a1210-1168
=035  \\$a(ISIS-B80-ID)B9044350
=035  \\$a(ISIS-B80-MFN)92609
=040  \\$aABB060$bcze
=080  \\$a(0.072)$2MRF
=100  1\$aPacner, Karel$d(1936-2021)$7jk01091450$4aut$1http://viaf.org/viaf/41039064
=245  10$aKarel Kaplan završil svá bádání o procesu s Miladou Horákovou /$cKarel Pacner.
=380  \\$iMajor genre$aSecondary literature$leng
=520  2\$aKomentář k vydání; o práci K. K. též připojený článek s podtitulem Sehnat peníze nebylo snadné, podepsáno (ker).
=524  \\$aPACNER, Karel: Karel Kaplan završil svá bádání o procesu s Miladou Horákovou. Mladá fronta Dnes. Roč. 7, 1996, č. 40, 16. 2., s. 18.
=600  17$aKaplan, Karel$d(1928- )$7jk01052903$2czenas$1http://viaf.org/viaf/31998271
=648  \7$a1991-2000$7ch460587$2czenas
=650  07$adějiny$7ph114390$2czenas
=650  07$aosobnosti$7ph115615$2czenas
=650  07$ačeská próza$7ph116861$2czenas
=650  \7$aCzech literature$2ELB-n
=655  \7$akomentáře$7fd132578$2czenas
=773  0\$tMladá fronta Dnes$x1210-1168$gRoč. 7, 1996, č. 40, 16. 2., s. 18$q7:40<18$919960216$sMladá fronta dnes
=787  08$aKaplan, Karel$tNejvětší politický proces : "M. Horáková a spol."$b1. vydání$dPraha : Ústav pro soudobé dějiny AV ČR ; Brno : Doplněk$h347 s.$k(Studie - materiály - dokumenty ; sv. 7)$z80-85270-48-X$4kniha literatury faktu
=910  \\$aABB060
=964  \\$a03.15.02
=964  \\$a05
=964  \\$aB80
=995  \\$aČeská Literární Bibliografie
=FMT  RD
=OWN  \\$aUCLA
=SIF  \\$ajm
=ZAR  \\$hkniha literatury faktu
=ZAZ  \\$d19960216$s7$z40$l18

