=LDR  01721nab a22004214a 4500
=001  001556609
=003  CZ\PrUCL
=008  170104e19960216xr\\\\\\\\\\\\|||\||cze\d
=035  \\$a(ISIS-B80-ID)B9044351
=035  \\$a(ISIS-B80-MFN)92610
=040  \\$aABB060$bcze
=080  \\$a(047.53)$2MRF
=100  1\$aMáša, Antonín$d(1935-2001)$7jk01080507$4ive$1http://viaf.org/viaf/83820604
=245  10$aMáša doufá, že za novou hru nedostane namláceno /$cAntonín Máša ; rozmlouval Zdeněk A. Tichý
=380  \\$iMajor genre$aLiterature$leng
=381  \\$iMajor genre$aOther$leng
=520  2\$aRozhovor u příležitosti premiéry jeho hry v Národním divadle v režii Jana Kačera.
=524  \\$aMÁŠA, Antonín - TICHÝ, Zdeněk A.: Máša doufá, že za novou hru nedostane namláceno. Rozmlouval Zdeněk A. Tichý. Mladá fronta Dnes. Roč. 7, 1996, č. 40, 16. 2., s. 19.
=600  17$aMáša, Antonín$d(1935-2001)$7jk01080507$2czenas$1http://viaf.org/viaf/83820604
=648  \7$a1991-2000$7ch460587$2czenas
=650  07$aosobnosti$7ph115615$2czenas
=650  07$ačeské drama$7ph128137$2czenas
=650  \7$aCzech literature$2ELB-n
=650  \7$aDrama$2ELB-g
=655  \7$arozhovory$7fd133303$2czenas
=700  1\$aTichý, Zdeněk A$d(1965- )$4ivr$7xx0002595$1http://viaf.org/viaf/65988004
=773  0\$tMladá fronta Dnes$x1210-1168$gRoč. 7, 1996, č. 40, 16. 2., s. 19$q7:40<19$919960216$sMladá fronta dnes
=787  08$aMáša, Antonín$tPodivní ptáci$4drama
=910  \\$aABB060
=964  \\$a03.15.03
=964  \\$a05
=964  \\$aB80
=995  \\$aČeská Literární Bibliografie
=FMT  RD
=OWN  \\$aUCLA
=SIF  \\$ajm
=ZAR  \\$hdrama
=ZAZ  \\$d19960216$s7$z40$l19

