=LDR  01659nab a22004454a 4500
=001  001556610
=003  CZ\PrUCL
=005  20200427091755.0
=008  170104e19960216xr\\\\\\\\\\\\|||\||cze\d
=022  \\$a1210-1168
=035  \\$a(ISIS-B80-ID)B9044352
=035  \\$a(ISIS-B80-MFN)92611
=040  \\$aABB060$bcze
=080  \\$a(047.6)$2MRF
=100  1\$aPokorný, Marek$d(1963- )$7mzk2004148513$1http://viaf.org/viaf/51153986
=245  10$aVelíšku, vrať se, vše odpuštěno! /$cMarek Pokorný.
=380  \\$iMajor genre$aLiterature$leng
=381  \\$iMajor genre$aOther$leng
=520  2\$aGlosa k vydání s ilustraceni: Velíšek Martin.
=524  \\$aPOKORNÝ, Marek: Velíšku, vrať se, vše odpuštěno!. Mladá fronta Dnes. Roč. 7, 1996, č. 40, 16. 2., s. 19.
=600  17$aNěmcová, Božena$d(1820-1862)$7jk01083016$2czenas$1http://viaf.org/viaf/56763450
=600  17$aVelíšek, Martin$d(1963- )$7jn20000402508$2czenas$1http://viaf.org/viaf/84019071
=648  \7$a1851-1900$7ch460575$2czenas
=650  07$ailustrace$7ph114755$2czenas
=650  07$aosobnosti$7ph115615$2czenas
=650  07$ačeská próza$7ph116861$2czenas
=650  \7$aCzech literature$2ELB-n
=655  \7$aglosy$7fd185941$2czenas
=773  0\$tMladá fronta Dnes$x1210-1168$gRoč. 7, 1996, č. 40, 16. 2., s. 19$q7:40<19$919960216$sMladá fronta dnes
=787  08$aNěmcová, Božena$tBabička$dPraha : Prostor, 1995$4próza
=910  \\$aABB060
=964  \\$a03.04.02
=964  \\$a05
=964  \\$aB80
=995  \\$aČeská Literární Bibliografie
=FMT  RD
=OWN  \\$aUCLA
=SIF  \\$ajm
=ZAR  \\$hpróza
=ZAZ  \\$d19960216$s7$z40$l19

