=LDR  01413nab a22003374a 4500
=001  001556611
=003  CZ\PrUCL
=008  170104e19960217xr\\\\\\\\\\\\|||\||cze\d
=035  \\$a(ISIS-B80-ID)B9044353
=035  \\$a(ISIS-B80-MFN)92612
=040  \\$aABB060$bcze
=080  \\$a(047)$2MRF
=100  1\$aAnýž, Daniel$d(1963- )$7jn20000400034$4aut$1http://viaf.org/viaf/84003677
=245  10$aPro literární revue nejsou peníze vším, tvrdí cizí vydavatelé /$cDaniel Anýž
=380  \\$iMajor genre$aSecondary literature$leng
=520  2\$aReferát o setkání českých redaktorů s německými a švýcarskými kolegy z literáráních časopisů Text+Kritik, Du a Gegenwart, uspořádaném pražským Goethe-Institutem.
=524  \\$aANÝŽ, Daniel: Pro literární revue nejsou peníze vším, tvrdí cizí vydavatelé. Mladá fronta Dnes. Roč. 7, 1996, č. 41, 17. 2., s. 18.
=650  04$aliterární časopisy a sborníky$xOPRAVA UCL
=650  07$aněmecká literatura$7ph117246$2czenas
=650  \7$aGerman literature$2ELB-n
=655  \7$areferáty$7fd133236$2czenas
=773  0\$tMladá fronta Dnes$x1210-1168$gRoč. 7, 1996, č. 41, 17. 2., s. 18$q7:41<18$919960217$sMladá fronta dnes
=910  \\$aABB060
=964  \\$a02.11
=964  \\$a04.17
=964  \\$aB80
=995  \\$aČeská Literární Bibliografie
=FMT  RD
=OWN  \\$aUCLA
=SIF  \\$ajm
=ZAZ  \\$d19960217$s7$z41$l18

