=LDR  02361nab a22004814a 4500
=001  001556612
=003  CZ\PrUCL
=005  20201222150306.0
=008  170104e19960220xr\\\\\\\\\\\\|||\||cze\d
=022  \\$a1210-1168
=035  \\$a(ISIS-B80-ID)B9044354
=035  \\$a(ISIS-B80-MFN)92613
=040  \\$aABB060$bcze
=080  \\$a(0:82-95)$2MRF
=100  1\$aPacner, Karel$d(1936-2021)$7jk01091450$1http://viaf.org/viaf/41039064
=245  10$aKniha mapující akce amerických sil u nás v roce 1945 /$cKarel Pacner.
=380  \\$iMajor genre$aSecondary literature$leng
=520  2\$aRecenze; v připojené poznámce s podtitulem Některá svědectví pamětníků druhé světové války stojí za reedici, podepsáno (ker), zmíněny knihy: Veselý-Šteiner Karel, Cestou národního odboje, 1947; Pařízek Ladislav Mikeš, A lid povstal, 1945; Václavík Zdeněk.
=524  \\$aPACNER, Karel: Kniha mapující akce amerických sil u nás v roce 1945. Mladá fronta Dnes. Roč. 7, 1996, č. 43, 20. 2., s. 18.
=600  17$aPařízek, Ladislav Mikeš$q(Ladislav Mikeš),$d(1907-1988)$7jk01091804$2czenas$1http://viaf.org/viaf/23291962
=600  17$aPecka, Jindřich$d(1936-1998)$7jn19990202014$2czenas$1http://viaf.org/viaf/62439996
=600  17$aVeselý-Štainer, Karel$d(1906-1993)$7ola2005262634$2czenas$1http://viaf.org/viaf/85024482
=600  17$aVáclavík, Zdeněk$d(1917- )$7jk01141048$2czenas$1http://viaf.org/viaf/83947121
=648  \7$a1991-2000$7ch460587$2czenas
=650  07$adějiny$7ph114390$2czenas
=650  07$aosobnosti$7ph115615$2czenas
=650  07$ačeská próza$7ph116861$2czenas
=650  \7$aCzech literature$2ELB-n
=655  \7$arecenze$7fd133231$2czenas
=773  0\$tMladá fronta Dnes$x1210-1168$gRoč. 7, 1996, č. 43, 20. 2., s. 18$q7:43<18$919960220$sMladá fronta dnes
=787  08$aPařízek, Ladislav Mikeš$tA lid povstal$4monografie
=787  08$aVeselý-Štainer, Karel$tCestou národního odboje$4monografie
=787  08$iRecenze na:$aPecka, Jindřich$tNa demarkační čáře : Americká armáda v Čechách v roce 1945$dÚstav pro soudobé dějiny AV ČR$4studie
=910  \\$aABB060
=964  \\$a03.15.02
=964  \\$a05
=964  \\$aB80
=995  \\$aČeská Literární Bibliografie
=FMT  RD
=OWN  \\$aUCLA
=SIF  \\$ajm
=ZAR  \\$hstudie
=ZAZ  \\$d19960220$s7$z43$l18

