=LDR  01412nab a22003494a 4500
=001  001556613
=003  CZ\PrUCL
=005  20200723150941.0
=008  170104e19960221xr\\\\\\\\\\\\|||\||cze\d
=022  \\$a1210-1168
=035  \\$a(ISIS-B80-ID)B9044355
=035  \\$a(ISIS-B80-MFN)92614
=040  \\$aABB060$bcze
=080  \\$a(049.1)$2MRF
=100  1\$aSpáčilová, Mirka$d(1956- )$7xx0033308$4aut$1http://viaf.org/viaf/85505852
=245  10$aZemřel dramaturg, scenárista a filmový publicista Jan Poš /$c(spa) [=Spáčilová, Mirka], (ČTK) [=Česká tisková kancelář].
=380  \\$iMajor genre$aSecondary literature$leng
=520  2\$aNekrolog; J. P. zemřel 19. 2. 1996 ve věku nedožitých 76 let.
=524  \\$aSPÁČILOVÁ, Mirka: Zemřel dramaturg, scenárista a filmový publicista Jan Poš. Mladá fronta Dnes. Roč. 7, 1996, č. 44, 21. 2., s. 18.
=600  17$aPoš, Jan$d(1920-1996)$7jk01100758$2czenas$1http://viaf.org/viaf/66878475
=650  07$aosobnosti$7ph115615$2czenas
=655  \7$anekrology$7fd185956$2czenas
=710  2\$aČeská tisková kancelář$7ko2003196051$4aut
=773  0\$tMladá fronta Dnes$x1210-1168$gRoč. 7, 1996, č. 44, 21. 2., s. 18$q7:44<18$919960221$sMladá fronta dnes
=910  \\$aABB060
=964  \\$a05
=964  \\$aB80
=995  \\$aČeská Literární Bibliografie
=FMT  RD
=OWN  \\$aUCLA
=SIF  \\$ajm
=ZAZ  \\$d19960221$s7$z44$l18

