=LDR  01482nab a22003734a 4500
=001  001556614
=003  CZ\PrUCL
=005  20200908151103.0
=008  170104e19960221xr\\\\\\\\\\\\|||\||cze\d
=022  \\$a1210-1168
=035  \\$a(ISIS-B80-ID)B9044356
=035  \\$a(ISIS-B80-MFN)92615
=040  \\$aABB060$bcze
=080  \\$a(046)$2MRF
=100  1\$aAnýž, Daniel$d(1963- )$7jn20000400034$4aut$1http://viaf.org/viaf/84003677
=245  10$aArgo už není podnikem pro dvojici knihomolů /$cDaniel Anýž.
=380  \\$iMajor genre$aSecondary literature$leng
=520  2\$aProfil pražského nakladatelství Argo, majitelé: Gelnar Milan, Michek Jiří, redaktorka: Slámová Eva aj.
=524  \\$aANÝŽ, Daniel: Argo už není podnikem pro dvojici knihomolů. Mladá fronta Dnes. Roč. 7, 1996, č. 44, 21. 2., s. 19.
=600  14$aMichek, Jiří
=600  17$aGelnar, Milan$7av20181009205$2czenas$1http://viaf.org/viaf/20154135706815080821
=600  17$aSlámová, Eva$d(1959-2010)$7ola2004182202$2czenas$1http://viaf.org/viaf/43025199
=610  24$aArgo$xOPRAVA UCL
=650  04$anakladatelské otázky$xOPRAVA UCL
=655  \7$ačlánky$7fd133976$2czenas
=773  0\$tMladá fronta Dnes$x1210-1168$gRoč. 7, 1996, č. 44, 21. 2., s. 19$q7:44<19$919960221$sMladá fronta dnes
=910  \\$aABB060
=964  \\$a02.09.01
=964  \\$aB80
=995  \\$aČeská Literární Bibliografie
=FMT  RD
=OWN  \\$aUCLA
=SIF  \\$ajm
=ZAZ  \\$d19960221$s7$z44$l19

