=LDR  01872nab a22004214a 4500
=001  001556615
=003  CZ\PrUCL
=005  20200621163948.0
=008  170104e19960221xr\\\\\\\\\\\\|||\||cze\d
=022  \\$a1210-1168
=035  \\$a(ISIS-B80-ID)B9044357
=035  \\$a(ISIS-B80-MFN)92616
=040  \\$aABB060$bcze
=080  \\$a(0:82-95)$2MRF
=100  1\$aSchneider, Jan$d(1955- )$7xx0199292$4aut$1http://viaf.org/viaf/733144928095954340603
=245  10$aZavršení příběhu zvaného Dějiny české literatury /$cJan Schneider.
=380  \\$iMajor genre$aSecondary literature$leng
=520  2\$aRecenze.
=524  \\$aSCHNEIDER, Jan: Završení příběhu zvaného Dějiny české literatury. Mladá fronta Dnes. Roč. 7, 1996, č. 44, 21. 2., s. 19.
=600  17$aMukařovský, Jan$d(1891-1975)$7jk01082389$2czenas$1http://viaf.org/viaf/7403779
=600  17$aPešat, Zdeněk$d(1927-2010)$7jk01092631$2czenas$1http://viaf.org/viaf/56647725
=600  17$aStrohsová, Eva$d(1928-2006)$7jk01121487$2czenas$1http://viaf.org/viaf/46913159
=648  \7$a1951-2000$7ch460577$2czenas
=650  04$aučebnice, slovníky a příručky$xOPRAVA UCL
=650  04$ačeská literární historie$xOPRAVA UCL
=655  \7$arecenze$7fd133231$2czenas
=773  0\$tMladá fronta Dnes$x1210-1168$gRoč. 7, 1996, č. 44, 21. 2., s. 19$q7:44<19$919960221$sMladá fronta dnes
=787  08$iRecenze na:$tDějiny české literatury : Díl 4. Literatura od konce 19.století do roku 1945$nHlavní redaktor Jan Mukařovský ; redaktoři svazku Zdeněk Pešat, Eva Strohsová$h714 s.$dPraha : Victoria Publishing, 1995$4příručka
=910  \\$aABB060
=964  \\$a02.12.04
=964  \\$a03.16.05
=964  \\$aB80
=995  \\$aČeská Literární Bibliografie
=FMT  RD
=OWN  \\$aUCLA
=SIF  \\$ajm
=ZAR  \\$s714 s.$hpříručka
=ZAZ  \\$d19960221$s7$z44$l19

