=LDR  01566nab a22003974a 4500
=001  001556616
=003  CZ\PrUCL
=005  20200517170330.0
=008  170104e19960222xr\\\\\\\\\\\\|||\||cze\d
=022  \\$a1210-1168
=035  \\$a(ISIS-B80-ID)B9044358
=035  \\$a(ISIS-B80-MFN)92617
=040  \\$aABB060$bcze
=080  \\$a(046)$2MRF
=100  1\$aŠvamberk, Alex$d(1961- )$7jn20000402926$4aut$1http://viaf.org/viaf/84021955
=245  10$aMichael Gira analyzuje krutý svět čisté spotřeby /$cAlex Švamberk.
=380  \\$iMajor genre$aSecondary literature$leng
=520  2\$aPortrét amerického hudebníka a spisovatele, který se na svém literárním turné zastavil v Praze, kde četl ze své knihy The Consumer (Konzument).
=524  \\$aŠVAMBERK, Alex: Michael Gira analyzuje krutý svět čisté spotřeby. Mladá fronta Dnes. Roč. 7, 1996, č. 45, 22. 2., s. 18.
=600  17$aGira, Michael$d(1954- )$7xx0007921$2czenas$1http://viaf.org/viaf/74075336
=650  07$aanglicky psaná próza$7ph118434$2czenas
=650  07$aosobnosti$7ph115615$2czenas
=650  \7$aEnglish literature$2ELB-n
=651  \4$aUSA$xOPRAVA UCL
=655  \7$ačlánky$7fd133976$2czenas
=773  0\$tMladá fronta Dnes$x1210-1168$gRoč. 7, 1996, č. 45, 22. 2., s. 18$q7:45<18$919960222$sMladá fronta dnes
=787  08$aGira, Michael$tKonzument$4próza
=910  \\$aABB060
=964  \\$a04.01.02
=964  \\$a05
=964  \\$aB80
=995  \\$aČeská Literární Bibliografie
=FMT  RD
=OWN  \\$aUCLA
=SIF  \\$ajm
=ZAZ  \\$d19960222$s7$z45$l18

