=LDR  01633nab a22003974a 4500
=001  001556617
=003  CZ\PrUCL
=005  20210129113005.0
=008  170104e19960222xr\\\\\\\\\\\\|||\||cze\d
=022  \\$a1210-1168
=035  \\$a(ISIS-B80-ID)B9044359
=035  \\$a(ISIS-B80-MFN)92618
=040  \\$aABB060$bcze
=080  \\$a(047.6)$2MRF
=080  \\$a(048.8)$2MRF
=100  1\$aChuchma, Josef$d(1959- )$7jn20000400402$4aut$1http://viaf.org/viaf/6931394
=245  10$aKteré knihy se nejlépe prodávají /$cJosef Chuchma.
=380  \\$iMajor genre$aSecondary literature$leng
=520  2\$aPřehled s poznámkou mj. o: Müller Helmut a kol., Dějiny Německa, Lidové noviny, se samostatnou kapitolou o současných vztazích mezi Německem a ČR od: Řezanková Ivona.
=524  \\$aCHUCHMA, Josef: Které knihy se nejlépe prodávají. Mladá fronta Dnes. Roč. 7, 1996, č. 45, 22. 2., s. 19.
=600  17$aMüller, Helmut M$7mzk2004234062$2czenas$1http://viaf.org/viaf/170323001
=600  17$aŘezanková, Ivona$d(1952- )$7js20020318007$2czenas$1http://viaf.org/viaf/62260497
=650  04$akniha a čtenář$xOPRAVA UCL
=651  \7$aNěmecko$7ge135889$2czenas
=655  \7$apoznámky$7fd133108$2czenas
=655  \7$apřehledy$7fd133202$2czenas
=773  0\$tMladá fronta Dnes$x1210-1168$gRoč. 7, 1996, č. 45, 22. 2., s. 19$q7:45<19$919960222$sMladá fronta dnes
=787  08$aMüller, Helmut$tDějiny Německa$4dějiny
=910  \\$aABB060
=964  \\$a02.09.03
=964  \\$aB80
=995  \\$aČeská Literární Bibliografie
=FMT  RD
=OWN  \\$aUCLA
=SIF  \\$ajm
=ZAZ  \\$d19960222$s7$z45$l19

