=LDR  01505nab a22003734a 4500
=001  001556618
=003  CZ\PrUCL
=005  20201206182207.0
=008  150214e19960222xr\\\\\\\\\\\\|||\||cze\d
=035  \\$a(ISIS-B80-ID)B9044360
=035  \\$a(ISIS-B80-MFN)92619
=040  \\$aABB060$bcze
=080  \\$a(047.53)$2MRF
=100  1\$aČerný, Jiří$d(1936- )$7jk01021569$4ive$1http://viaf.org/viaf/46693806
=245  10$aBílá místa Jiřího Černého /$cJiří Černý ; text Jan Plachetka.
=380  \\$iMajor genre$aLiterature$leng
=381  \\$iMajor genre$aOther$leng
=520  2\$aRozhovor s hudebním publicistou.
=524  \\$aČERNÝ, Jiří - PLACHETKA, Jan: Bílá místa Jiřího Černého. Text Jan Plachetka. Mladá fronta Dnes. Roč. 7, 1996, č. 45, 22. 2., příl. Magazín MF Dnes, 4, č. 8, s. 29-30.
=600  17$aČerný, Jiří$d(1936- )$7jk01021569$2czenas$1http://viaf.org/viaf/46693806
=650  07$ahudba$7ph114719$2czenas
=650  07$aosobnosti$7ph115615$2czenas
=655  \7$arozhovory$7fd133303$2czenas
=700  1\$aPlachetka, Jan$d(1954- )$4ivr$7xx0142995$1http://viaf.org/viaf/311118142
=773  0\$tMagazín MF Dnes
=773  0\$tMladá fronta Dnes$x1210-1168$gRoč. 7, 1996, č. 45, 22. 2., příl. Magazín MF Dnes, 4, č. 8, s. 29-30$q7:45<29$919960222$sMladá fronta dnes
=910  \\$aABB060
=964  \\$a05
=964  \\$aB80
=995  \\$aČeská Literární Bibliografie
=FMT  RD
=OWN  \\$aUCLA
=SIF  \\$ajm
=ZAZ  \\$d19960222$s7$z45$l29

