=LDR  01229nab a22003134a 4500
=001  001556619
=003  CZ\PrUCL
=008  170104s1995\\\\xr\\\\\\\\\\\\|||\||cze\d
=035  \\$a(ISIS-B80-ID)B9044361
=035  \\$a(ISIS-B80-MFN)92620
=040  \\$aABB060$bcze
=080  \\$a(047)$2MRF
=100  1\$aŠrámková, Vítězslava$d(1943-2019)$7jk01131013$4aut$1http://viaf.org/viaf/65291356
=245  10$aPoezie potřebuje zanícené spřízněnce :$bAneb Český umělecký přednes 1994 /$cVítězslava Šrámková
=380  \\$iMajor genre$aSecondary literature$leng
=520  2\$aZhodnocení recitačních přehlídek.
=524  \\$aŠRÁMKOVÁ, Vítězslava: Poezie potřebuje zanícené spřízněnce : Aneb Český umělecký přednes 1994. Amatérská scéna. Roč. 32, 1995, č. 1, s. 11.
=650  04$aorganizace literárního života$xOPRAVA UCL
=650  07$arecitace$7ph162927$2czenas
=655  \7$areferáty$7fd133236$2czenas
=773  0\$tAmatérská scéna$x0002-6786$gRoč. 32, 1995, č. 1, s. 11$q32:1<11$91995$sAmatérská scéna
=910  \\$aABB060
=964  \\$a02.10
=964  \\$aB80
=995  \\$aČeská Literární Bibliografie
=FMT  RS
=OWN  \\$aUCLA
=SIF  \\$ami
=ZAZ  \\$d1995$s32$z1$l11

