=LDR  01251nab a22003374a 4500
=001  001556620
=003  CZ\PrUCL
=008  170104s1995\\\\xr\\\\\\\\\\\\|||\||cze\d
=035  \\$a(ISIS-B80-ID)B9044362
=035  \\$a(ISIS-B80-MFN)92621
=040  \\$aABB060$bcze
=080  \\$a(047)$2MRF
=100  1\$aSuchomelová, Jaroslava$d(1937-2007)$7jn20000402310$4aut$1http://viaf.org/viaf/84017639
=245  10$aPříznivá zpráva o 38.ročníku Wolkrova Prostějova /$cJaroslava Suchomelová
=380  \\$iMajor genre$aSecondary literature$leng
=520  2\$aReferát; Wolkrův Prostějov.
=524  \\$aSUCHOMELOVÁ, Jaroslava: Příznivá zpráva o 38. ročníku Wolkrova Prostějova. Amatérská scéna. Roč. 32, 1995, č. 4, s. 5-6.
=611  24$aWolkrův Prostějov$xOPRAVA UCL
=650  04$aorganizace literárního života$xOPRAVA UCL
=650  07$arecitace$7ph162927$2czenas
=651  \4$aProstějov$xOPRAVA UCL
=655  \7$areferáty$7fd133236$2czenas
=773  0\$tAmatérská scéna$x0002-6786$gRoč. 32, 1995, č. 4, s. 5-6$q32:4<5$91995$sAmatérská scéna
=910  \\$aABB060
=964  \\$a02.10
=964  \\$aB80
=995  \\$aČeská Literární Bibliografie
=FMT  RS
=OWN  \\$aUCLA
=SIF  \\$ami
=ZAZ  \\$d1995$s32$z4$l5

