=LDR  01812nab a22004814a 4500
=001  001556621
=003  CZ\PrUCL
=005  20200504220415.0
=008  170104e19960215xr\\\\\\\\\\\\|||\||cze\d
=022  \\$a1210-5236
=035  \\$a(ISIS-B80-ID)B9044363
=035  \\$a(ISIS-B80-MFN)92622
=040  \\$aABB060$bcze
=072  \7$a821.162.3.09$xČeská literatura (o ní)$2Konspekt$911
=080  \\$a(0:82-95)$2MRF
=100  1\$aNešlehová, Mahulena$d(1944- )$7jk01083244$4aut$1http://viaf.org/viaf/10684436
=245  10$aNetradiční pojetí Máchova Máje :$bRecenze publikace /$cMahulena Nešlehová.
=380  \\$iMajor genre$aSecondary literature$leng
=520  2\$aRecenze; zejm. o ilustracích Jana Koblasy.
=524  \\$aNEŠLEHOVÁ, Mahulena: Netradiční pojetí Máchova Máje : Recenze publikace. Ateliér. Roč. 9, 1996, č. 4, 15. 2., s. 6.
=600  17$aKoblasa, Jan$d(1932-2017)$7jn19990218047$2czenas$1http://viaf.org/viaf/96261127
=600  17$aMácha, Karel Hynek$d(1810-1836)$7jk01072915$2czenas$1http://viaf.org/viaf/95263761
=648  \4$a1775-1850
=650  07$ailustrace$7ph114755$2czenas
=650  07$aknižní kultura$7ph114932$2czenas
=650  07$aosobnosti$7ph115615$2czenas
=650  07$ačeská poezie$7ph150471$2czenas
=650  \7$aCzech literature$2ELB-n
=650  \7$aPoetry$2ELB-g
=655  \7$arecenze$7fd133231$2czenas
=773  0\$tAteliér$x1210-5236$gRoč. 9, 1996, č. 4, 15. 2., s. 6$q9:4<6$919960215$sAteliér (Praha)
=787  08$iRecenze na:$aMácha, Karel Hynek$tMáj$dAulos, 1995$4báseň
=910  \\$aABB060
=964  \\$a02.09.02
=964  \\$a03.03.01
=964  \\$a05
=964  \\$aB80
=995  \\$aČeská Literární Bibliografie
=FMT  RS
=OWN  \\$aUCLA
=SIF  \\$ami
=ZAR  \\$hbáseň
=ZAZ  \\$d19960215$s9$z4$l6

