=LDR  01122nab a22003134a 4500
=001  001556622
=003  CZ\PrUCL
=008  170104e19960130xr\\\\\\\\\\\\|||\||cze\d
=035  \\$a(ISIS-B80-ID)B9044364
=035  \\$a(ISIS-B80-MFN)92623
=040  \\$aABB060$bcze
=080  \\$a(046)$2MRF
=100  0\$a(MŠ)$c[Špígl]$4aut$xOPRAVA UCL
=245  10$a"Psí hlas nejde do nebe" :$bVystupuje na obranu spisovatele Pludka /$c(MŠ)
=380  \\$iMajor genre$aSecondary literature$leng
=520  2\$aČlánek hájící A. Pludka.
=524  \\$a(MŠ): "Psí hlas nejde do nebe" : Vystupuje na obranu spisovatele Pludka. Špígl. Roč. 7, 1996, č. 25, 30. 1., s. 5.
=600  17$aPludek, Alexej$d(1923-2002)$7jk01093504$2czenas$1http://viaf.org/viaf/10256796
=650  07$aosobnosti$7ph115615$2czenas
=655  \7$ačlánky$7fd133976$2czenas
=773  0\$tŠpígl$x0862-8327$gRoč. 7, 1996, č. 25, 30. 1., s. 5$q7:25<5$919960130$sŠpígl (Praha)
=910  \\$aABB060
=964  \\$a05
=964  \\$aB80
=995  \\$aČeská Literární Bibliografie
=FMT  RD
=OWN  \\$aUCLA
=SIF  \\$ami
=ZAZ  \\$d19960130$s7$z25$l5

