=LDR  01285nab a22003374a 4500
=001  001556623
=003  CZ\PrUCL
=008  170104e19960220xr\\\\\\\\\\\\|||\||cze\d
=035  \\$a(ISIS-B80-ID)B9044365
=035  \\$a(ISIS-B80-MFN)92624
=040  \\$aABB060$bcze
=080  \\$a(047)$2MRF
=100  1\$aCinger, František$d(1956- )$7jn20010523018$4aut$1http://viaf.org/viaf/61213808
=245  10$aO literatuře ve vězení v Praze /$cFrantišek Cinger
=380  \\$iMajor genre$aSecondary literature$leng
=520  2\$aZpráva o chystané evropské konferenci Mezinárodního PEN klubu na téma Literatura ve vězení a v exilu, Vězení a exil v literatuře.
=524  \\$aCINGER, František: O literatuře ve vězení v Praze. Právo. Roč. 6, 1996, č. 43, 20. 2., s. 8.
=610  24$aPEN klub$xOPRAVA UCL
=650  04$aliterárněvědné konference$xOPRAVA UCL
=650  04$avězeňská literatura$xOPRAVA UCL
=650  07$aexil$7ph120088$2czenas
=655  \7$azprávy$7fd133875$2czenas
=773  0\$tPrávo$x1211-2119$gRoč. 6, 1996, č. 43, 20. 2., s. 8$q6:43<8$919960220$sPrávo (Praha)
=910  \\$aABB060
=964  \\$a02.10.02
=964  \\$aB80
=995  \\$aČeská Literární Bibliografie
=FMT  RD
=OWN  \\$aUCLA
=SIF  \\$ami
=ZAZ  \\$d19960220$s6$z43$l8

