=LDR  01332nab a22003854a 4500
=001  001556624
=003  CZ\PrUCL
=005  20200630142152.0
=008  170104e19960220xr\\\\\\\\\\\\|||\||cze\d
=022  \\$a1211-2119
=035  \\$a(ISIS-B80-ID)B9044366
=035  \\$a(ISIS-B80-MFN)92625
=040  \\$aABB060$bcze
=080  \\$a(0:82-95)$2MRF
=100  1\$aBoček, Jaroslav$d(1932-2003)$7jk01012421$4aut$1http://viaf.org/viaf/27231371
=245  10$aKosíkovo přemýšlení o oběti /$cJaroslav Boček.
=380  \\$iMajor genre$aSecondary literature$leng
=520  2\$aRecenze.
=524  \\$aBOČEK, Jaroslav: Kosíkovo přemýšlení o oběti. Právo. Roč. 6, 1996, č. 43, 20. 2., s. 8.
=600  17$aKosík, Karel$d(1926-2003)$7jk01061936$2czenas$1http://viaf.org/viaf/99930830
=648  \7$a1991-2000$7ch460587$2czenas
=650  07$ačeská próza$7ph116861$2czenas
=650  \7$aCzech literature$2ELB-n
=655  \7$arecenze$7fd133231$2czenas
=773  0\$tPrávo$x1211-2119$gRoč. 6, 1996, č. 43, 20. 2., s. 8$q6:43<8$919960220$sPrávo (Praha)
=787  08$iRecenze na:$aKosík, Karel$tJinoch a smrt$4esej
=910  \\$aABB060
=964  \\$a03.15.02
=964  \\$a05
=964  \\$aB80
=995  \\$aČeská Literární Bibliografie
=FMT  RD
=OWN  \\$aUCLA
=SIF  \\$ami
=ZAZ  \\$d19960220$s6$z43$l8

