=LDR  01228nab a22003614a 4500
=001  001556625
=003  CZ\PrUCL
=005  20191214142113.0
=008  170104e19960220xr\\\\\\\\\\\\|||\||cze\d
=022  \\$a1211-0302
=035  \\$a(ISIS-B80-ID)B9044367
=035  \\$a(ISIS-B80-MFN)92626
=040  \\$aABB060$bcze
=080  \\$a(047.6)$2MRF
=100  1\$aBeneš, Jan$d(1936-2007)$7jk01011587$4aut$1http://viaf.org/viaf/97666935
=245  10$aNení nad odborníky /$cJan Beneš.
=380  \\$iMajor genre$aLiterature$leng
=381  \\$iMajor genre$aOther$leng
=520  2\$aGlosa.
=524  \\$aBENEŠ, Jan: Není nad odborníky. Český týdeník. Roč. 2, 1996, č. 118, 20.-22. 2., s. 6.
=650  04$aučebnice, slovníky a příručky$xOPRAVA UCL
=655  \7$aglosy$7fd185941$2czenas
=773  0\$tČeský týdeník$x1211-0302$gRoč. 2, 1996, č. 118, 20.-22. 2., s. 6$q2:118<6$919960220-19960222$sČeský týdeník
=787  08$tSlovník českých spisovatelů od roku 1945 : Díl 1$4slovník
=910  \\$aABB060
=964  \\$a02.12.04
=964  \\$aB80
=995  \\$aČeská Literární Bibliografie
=FMT  RS
=OWN  \\$aUCLA
=SIF  \\$ami
=ZAR  \\$hslovník
=ZAZ  \\$d19960220-19960222$s2$z118$l6

