=LDR  01436nab a22003494a 4500
=001  001556626
=003  CZ\PrUCL
=005  20141211000000.0
=008  141211e19960223xr\\\\\\\\\\\\|||\||cze\d
=035  \\$a(ISIS-B80-ID)B9044368
=035  \\$a(ISIS-B80-MFN)92627
=040  \\$aABB060$bcze
=080  \\$a(047.53)$2MRF
=100  1\$aVohryzek, Josef$d(1926-1998)$7jk01150307$4ive$1http://viaf.org/viaf/14762538
=245  10$aZdá se, že čisté svědomí je velké břemeno /$cJosef Vohryzek ; ptala se Drahoslava Janderová
=380  \\$iMajor genre$aLiterature$leng
=381  \\$iMajor genre$aOther$leng
=520  2\$aRozhovor.
=524  \\$aVOHRYZEK, Josef - JANDEROVÁ, Drahoslava: Zdá se, že čisté svědomí je velké břemeno. Ptala se Drahoslava Janderová. Český týdeník. Roč. 2, 1996, č. 119, 23.-26. 2., s. 12.
=600  17$aVohryzek, Josef$d(1926-1998)$7jk01150307$2czenas$1http://viaf.org/viaf/14762538
=650  07$aosobnosti$7ph115615$2czenas
=655  \7$arozhovory$7fd133303$2czenas
=700  1\$aJanderová, Drahoslava$d(1946- )$4ivr$7jk01050881$1http://viaf.org/viaf/83752030
=773  0\$tČeský týdeník$x1211-0302$gRoč. 2, 1996, č. 119, 23.-26. 2., s. 12$q2:119<12$919960223-19960226$sČeský týdeník
=910  \\$aABB060
=964  \\$a05
=964  \\$aB80
=995  \\$aČeská Literární Bibliografie
=FMT  RS
=OWN  \\$aUCLA
=SIF  \\$ami
=ZAZ  \\$d19960223-19960226$s2$z119$l12

