=LDR  01511nab a22004094a 4500
=001  001556627
=003  CZ\PrUCL
=008  170104e19960209xr\\\\\\\\\\\\|||\||cze\d
=035  \\$a(ISIS-B80-ID)B9044951
=035  \\$a(ISIS-B80-MFN)92628
=040  \\$aABB060$bcze
=080  \\$a(0:82-95)$2MRF
=100  1\$aNyklová, Milena$d(1932- )$7jk01090858$4aut$1http://viaf.org/viaf/23909929
=245  10$aMoje zrcadlo /$cMilena Nyklová
=380  \\$iMajor genre$aSecondary literature$leng
=520  2\$aRecenze.
=524  \\$aNYKLOVÁ-VESELÁ, Milena: Moje zrcadlo. Svobodné slovo. Roč. 88, 1996, č. 34, 9. 2., příl. Slovo na víkend, s. 5.
=600  17$aFuks, Ladislav$d(1923-1994)$7jk01032159$2czenas$1http://viaf.org/viaf/22183852
=648  \7$a1991-2000$7ch460587$2czenas
=650  04$amemoáry$xOPRAVA UCL
=650  07$aosobnosti$7ph115615$2czenas
=650  07$ačeská próza$7ph116861$2czenas
=650  \7$aCzech literature$2ELB-n
=655  \7$arecenze$7fd133231$2czenas
=773  0\$tSlovo na víkend
=773  0\$tSvobodné slovo$x0231-732X$gRoč. 88, 1996, č. 34, 9. 2., příl. Slovo na víkend, s. 5$q88:34<5$919960209$sSvobodné slovo
=787  08$iRecenze na:$aFuks, Ladislav$tMoje zrcadlo : Vzpomínky, dojmy, ohlédnutí$dMelantrich, 1995$4vzpomínky
=910  \\$aABB060
=964  \\$a03.15.02
=964  \\$a05
=964  \\$aB80
=995  \\$aČeská Literární Bibliografie
=FMT  RD
=OWN  \\$aUCLA
=SIF  \\$agd
=ZAR  \\$hvzpomínky
=ZAZ  \\$d19960209$s88$z34$l5

