=LDR  01487nab a22003974a 4500
=001  001556628
=003  CZ\PrUCL
=008  170104e19960210xr\\\\\\\\\\\\|||\||cze\d
=035  \\$a(ISIS-B80-ID)B9044952
=035  \\$a(ISIS-B80-MFN)92629
=040  \\$aABB060$bcze
=080  \\$a(0:82-95)$2MRF
=100  1\$aŠimůnek, Jaroslav$4aut$xOPRAVA UCL
=245  10$aKamínek do mozaiky /$cJaroslav Šimůnek
=380  \\$iMajor genre$aSecondary literature$leng
=520  2\$aRecenze knihy o: Nezval Vítězslav.
=524  \\$aŠIMŮNEK, Jaroslav: Kamínek do mozaiky. Svobodné slovo. Roč. 88, 1996, č. 35, 10. 2., s. 13.
=600  17$aHodáčová, Lilly$d(1910-1998)$7jk01041444$2czenas$1http://viaf.org/viaf/37727840
=600  17$aNezval, Vítězslav$d(1900-1958)$7jk01090162$2czenas$1http://viaf.org/viaf/7402030
=648  \7$a1991-2000$7ch460587$2czenas
=650  07$aosobnosti$7ph115615$2czenas
=650  07$ačeská próza$7ph116861$2czenas
=650  \7$aCzech literature$2ELB-n
=655  \7$arecenze$7fd133231$2czenas
=773  0\$tSvobodné slovo$x0231-732X$gRoč. 88, 1996, č. 35, 10. 2., s. 13$q88:35<13$919960210$sSvobodné slovo
=787  08$iRecenze na:$aHodáčová, Lilly$tZpěv Orfeův$dOdeon$4autobiografický román
=910  \\$aABB060
=964  \\$a03.15.02
=964  \\$a05
=964  \\$aB80
=995  \\$aČeská Literární Bibliografie
=FMT  RD
=OWN  \\$aUCLA
=SIF  \\$agd
=ZAR  \\$hautobiografický román
=ZAZ  \\$d19960210$s88$z35$l13

