=LDR  01216nab a22003374a 4500
=001  001556629
=003  CZ\PrUCL
=008  170104e19960210xr\\\\\\\\\\\\|||\||cze\d
=035  \\$a(ISIS-B80-ID)B9044953
=035  \\$a(ISIS-B80-MFN)92630
=040  \\$aABB060$bcze
=080  \\$a(046)$2MRF
=100  0\$a(j)$c[Svobodné slovo]$4aut$xOPRAVA UCL
=245  10$aSpisovatel Vančura zasahuje /$c(j)
=380  \\$iMajor genre$aSecondary literature$leng
=520  2\$aO filmech V. V.; v rubrice Slavné české filmy.
=524  \\$a(j): Spisovatel Vančura zasahuje. Svobodné slovo. Roč. 88, 1996, č. 35, 10. 2., příl. Ahoj na sobotu, č. 6, s. 7.
=600  14$aVančura, Vladislav$d(1891-1942)$xOPRAVA UCL$1http://viaf.org/viaf/34499285
=650  07$afilm$7ph114534$2czenas
=650  07$aosobnosti$7ph115615$2czenas
=655  \7$ačlánky$7fd133976$2czenas
=773  0\$tAhoj na sobotu
=773  0\$tSvobodné slovo$x0231-732X$gRoč. 88, 1996, č. 35, 10. 2., příl. Ahoj na sobotu, č. 6, s. 7$q88:35<7$919960210$sSvobodné slovo
=910  \\$aABB060
=964  \\$a05
=964  \\$aB80
=995  \\$aČeská Literární Bibliografie
=FMT  RD
=OWN  \\$aUCLA
=SIF  \\$agd
=ZAZ  \\$d19960210$s88$z35$l7

