=LDR  01751nab a22004334a 4500
=001  001556630
=003  CZ\PrUCL
=008  170104e19960210xr\\\\\\\\\\\\|||\||cze\d
=035  \\$a(ISIS-B80-ID)B9044954
=035  \\$a(ISIS-B80-MFN)92631
=040  \\$aABB060$bcze
=080  \\$a(047.53)$2MRF
=100  1\$aBiedermannová, Carola$d(1947-2008)$7xx0002573$4ive$1http://viaf.org/viaf/21723888
=245  10$aO čem sní česká žena /$cCarola Biedermannová ; rozmlouvala Marcela Černá
=380  \\$iMajor genre$aLiterature$leng
=381  \\$iMajor genre$aOther$leng
=520  2\$aRozhovor o feminismu a o knihách C. B. : Mstivá kantiléna a Lítostivá kantiléna.
=524  \\$aBIEDERMANNOVÁ, Carola - ČERNÁ, Marcela: O čem sní česká žena. Rozmlouvala Marcela Černá. Svobodné slovo. Roč. 88, 1996, č. 35, 10. 2., příl. Ahoj na sobotu, č. 6, s. 16.
=600  17$aBiedermannová, Carola$d(1947-2008)$7xx0002573$2czenas$1http://viaf.org/viaf/21723888
=648  \7$a1991-2000$7ch460587$2czenas
=650  07$afeminismus$7ph120150$2czenas
=650  07$aosobnosti$7ph115615$2czenas
=650  07$ačeská próza$7ph116861$2czenas
=650  \7$aCzech literature$2ELB-n
=655  \7$arozhovory$7fd133303$2czenas
=700  1\$aČerná, Marcela$4ivr$xOPRAVA UCL
=773  0\$tAhoj na sobotu
=773  0\$tSvobodné slovo$x0231-732X$gRoč. 88, 1996, č. 35, 10. 2., příl. Ahoj na sobotu, č. 6, s. 16$q88:35<16$919960210$sSvobodné slovo
=787  08$tLítostivá kantiléna$4YYY
=787  08$tMstivá kantiléna$4YYY
=910  \\$aABB060
=964  \\$a03.15.02
=964  \\$a05
=964  \\$aB80
=995  \\$aČeská Literární Bibliografie
=FMT  RD
=OWN  \\$aUCLA
=SIF  \\$agd
=ZAZ  \\$d19960210$s88$z35$l16

