=LDR  01562nab a22004214a 4500
=001  001556631
=003  CZ\PrUCL
=005  20200722141920.0
=008  170104e19960213xr\\\\\\\\\\\\|||\||cze\d
=022  \\$a0231-732X
=035  \\$a(ISIS-B80-ID)B9044955
=035  \\$a(ISIS-B80-MFN)92632
=040  \\$aABB060$bcze
=100  1\$aŠimůnek, Jaroslav$4aut$xOPRAVA UCL
=245  10$aUprostřed běhu /$c(ši) [=Šimůnek, Jaroslav].
=380  \\$iMajor genre$aSecondary literature$leng
=520  2\$aPoznámka k vydání knihy o herci: Donutil Miroslav.
=524  \\$a(ši) [=ŠIMŮNEK, Jaroslav]: Uprostřed běhu. Svobodné slovo. Roč. 88, 1996, č. 37, 13. 2., s. 11.
=600  17$aDonutil, Miroslav$d(1951- )$7jn19990009817$2czenas$1http://viaf.org/viaf/5785549
=600  17$aVondrák, Jiří$d(1954- )$7ola2003169611$2czenas$1http://viaf.org/viaf/84979498
=648  \7$a1991-2000$7ch460587$2czenas
=650  07$adivadlo$7ph119513$2czenas
=650  07$aherci$7ph117199$2czenas
=650  07$aosobnosti$7ph115615$2czenas
=650  07$ačeská próza$7ph116861$2czenas
=650  \7$aCzech literature$2ELB-n
=655  \4$apoznámky k vydání$xOPRAVA UCL
=773  0\$tSvobodné slovo$x0231-732X$gRoč. 88, 1996, č. 37, 13. 2., s. 11$q88:37<11$919960213$sSvobodné slovo
=787  08$aVondrák, Jiří$tUprostřed běhu$dPrimus, 1996$4YYY
=910  \\$aABB060
=964  \\$a03.15.02
=964  \\$a05
=964  \\$aB80
=995  \\$aČeská Literární Bibliografie
=FMT  RD
=OWN  \\$aUCLA
=SIF  \\$agd
=ZAZ  \\$d19960213$s88$z37$l11

