=LDR  01486nab a22003614a 4500
=001  001556632
=003  CZ\PrUCL
=005  20180608142954.0
=008  170104e19960219xr\\\\\\\\\\\\|||\||cze\d
=022  \\$a0231-732X
=035  \\$a(ISIS-B80-ID)B9044956
=035  \\$a(ISIS-B80-MFN)92633
=040  \\$aABB060$bcze
=080  \\$a(047)$2MRF
=245  00$aMuzeum vyhlašuje literární soutěž.
=380  \\$iMajor genre$aSecondary literature$leng
=500  \\$aNepodepsáno.
=520  2\$aMuzeum v Havlíčkově Brodě vyhlašuje literární soutěž H+H-H2, určenou autorům, jejichž pohled na svět symbolizuje skutečnost dnešní doby stejně pronikavě jako ve své době dílo Karla Havlíčka Borovského a Jaroslava Haška.
=524  \\$aMuzeum vyhlašuje literární soutěž. Svobodné slovo. Roč. 88, 1996, č. 38, 19. 2., s. 8.
=600  17$aHavlíček-Borovský, Karel$d(1821-1856)$7jk01040361$2czenas$1http://viaf.org/viaf/2504978
=600  17$aHašek, Jaroslav$d(1883-1923)$7jk01040097$2czenas$1http://viaf.org/viaf/4931097
=611  24$aH+H-H2 (literární soutěž)
=650  07$aliterární ceny$7ph564301$2czenas
=655  \7$azprávy$7fd133875$2czenas
=773  0\$tSvobodné slovo$x0231-732X$gRoč. 88, 1996, č. 38, 19. 2., s. 8$q88:38<8$919960219$sSvobodné slovo
=910  \\$aABB060
=964  \\$a02.10.03
=964  \\$aB80
=995  \\$aČeská Literární Bibliografie
=FMT  RD
=OWN  \\$aUCLA
=SIF  \\$agd
=ZAZ  \\$d19960219$s88$z38$l8

