=LDR  01540nab a22003374a 4500
=001  001556633
=003  CZ\PrUCL
=008  170104s1995\\\\xr\\\\\\\\\\\\|||\||cze\d
=035  \\$a(ISIS-B80-ID)B9044957
=035  \\$a(ISIS-B80-MFN)92634
=040  \\$aABB060$bcze
=080  \\$a(046)$2MRF
=100  1\$aBédouin, Jean-Louis$d(1929-1996)$7xx0078802$4aut$1http://viaf.org/viaf/24597628
=245  10$aDvacet let surrealismu :$bKapitola VI /$cJean-Louis Bédouin ; přel. Zdeněk Justoň, Alena Nádvorníková
=380  \\$iMajor genre$aSecondary literature$leng
=520  2\$aOtištěno s poznámkou, že tato pasáž z Bédouinovy knihy nebyla zařazena do překladu díla, který byl uveřejněn v č. 1-7 Analogonu (viz záznam IČZ 19058).
=524  \\$aBÉDOUIN, Jean-Louis - JUSTOŇ, Zdeněk - NÁDVORNÍKOVÁ, Alena et al.: Dvacet let surrealismu : Kapitola VI. Přel. Zdeněk Justoň, Alena Nádvorníková. Analogon. R. 1995, č. 15, s. 4-6.
=650  04$aliteratura (obecně)$xOPRAVA UCL
=650  04$asurrealismus$xOPRAVA UCL
=655  \7$ačlánky$7fd133976$2czenas
=700  1\$aJustoň, Zdeněk$d(1942- )$4trl$7xx0028712$1http://viaf.org/viaf/14090889
=700  1\$aNádvorníková, Alena$d(1942- )$4trl$7jn99240000799$1http://viaf.org/viaf/54034298
=773  0\$tAnalogon$x0862-7630$gR. 1995, č. 15, s. 4-6$q1995:15<4$91995$sAnalogon (Praha)
=910  \\$aABB060
=964  \\$a01
=964  \\$aB80
=995  \\$aČeská Literární Bibliografie
=FMT  RS
=OWN  \\$aUCLA
=SIF  \\$agd
=ZAZ  \\$d1995$s1995$z15$l4

