=LDR  01532nab a22003854a 4500
=001  001556634
=003  CZ\PrUCL
=008  170104s1995\\\\xr\\\\\\\\\\\\|||\||cze\d
=035  \\$a(ISIS-B80-ID)B9044958
=035  \\$a(ISIS-B80-MFN)92635
=040  \\$aABB060$bcze
=080  \\$a(092)$2MRF
=100  1\$aThirion, André$d(1907-2001)$7skuk0005580$4aut$1http://viaf.org/viaf/106216898
=245  10$aRevolucionáři bez revoluce :$bKapitola čtrnáctá. André Breton /$cAndré Thirion ; přel. Jan Vaněk
=380  \\$iMajor genre$aLiterature$leng
=381  \\$iMajor genre$aOther$leng
=520  2\$aÚryvek ze vzpomínkové knihy A. T., člena Pařížské surrealistické skupiny z let 1928-1933.
=524  \\$aTHIRION, André - VANĚK, Jan: Revolucionáři bez revoluce : Kapitola čtrnáctá. André Breton. Přel. Jan Vaněk. Analogon. R. 1995, č. 15, s. 12-17.
=600  17$aBreton, André$d(1896-1966)$7jn19990001080$2czenas$1http://viaf.org/viaf/49222341
=650  04$asurrealismus$xOPRAVA UCL
=650  07$afrancouzská literatura$7ph120363$2czenas
=650  07$aosobnosti$7ph115615$2czenas
=650  \7$aFrench literature$2ELB-n
=655  \7$abiografie$7fd131909$2czenas
=700  1\$aVaněk, Jan$4trl$xOPRAVA UCL
=773  0\$tAnalogon$x0862-7630$gR. 1995, č. 15, s. 12-17$q1995:15<12$91995$sAnalogon (Praha)
=910  \\$aABB060
=964  \\$a04.07
=964  \\$a05
=964  \\$aB80
=995  \\$aČeská Literární Bibliografie
=FMT  RS
=OWN  \\$aUCLA
=SIF  \\$agd
=ZAZ  \\$d1995$s1995$z15$l12

