=LDR  01712nab a22003974a 4500
=001  001556635
=003  CZ\PrUCL
=008  170104s1995\\\\xr\\\\\\\\\\\\|||\||cze\d
=035  \\$a(ISIS-B80-ID)B9044959
=035  \\$a(ISIS-B80-MFN)92636
=040  \\$aABB060$bcze
=080  \\$a(048.83)$2MRF
=100  1\$aDryje, František$d(1951- )$7jn19990218019$4aut$1http://viaf.org/viaf/19270106
=245  10$aSlon z věžoviny (na okraj knihy André Thiriona Revolucionáři bez revoluce) /$cFrantišek Dryje
=380  \\$iMajor genre$aSecondary literature$leng
=520  2\$aRozbor autobiografické knihy A. T., člena Pařížské surrealistické skupiny z let 1928-1933; čtrnáctá kapitola knihy (věnovaná: Breton André) je otištěna na s. 12-17.
=524  \\$aDRYJE, František: Slon z věžoviny (na okraj knihy André Thiriona Revolucionáři bez revoluce). Analogon. R. 1995, č. 15, s. 17-19.
=600  17$aBreton, André$d(1896-1966)$7jn19990001080$2czenas$1http://viaf.org/viaf/49222341
=600  17$aThirion, André$d(1907-2001)$7skuk0005580$2czenas$1http://viaf.org/viaf/106216898
=650  04$asurrealismus$xOPRAVA UCL
=650  07$aanglicky psaná literatura$7ph117173$2czenas
=650  07$aosobnosti$7ph115615$2czenas
=650  \7$aEnglish literature$2ELB-n
=655  \4$arozbory díla
=773  0\$tAnalogon$x0862-7630$gR. 1995, č. 15, s. 17-19$q1995:15<17$91995$sAnalogon (Praha)
=787  08$aThirion, André$tRevolucionáři bez revoluce$4autobiografie
=910  \\$aABB060
=964  \\$a04.01
=964  \\$a05
=964  \\$aB80
=995  \\$aČeská Literární Bibliografie
=FMT  RS
=OWN  \\$aUCLA
=SIF  \\$agd
=ZAR  \\$hautobiografie
=ZAZ  \\$d1995$s1995$z15$l17

