=LDR  01047nab a22003494a 4500
=001  001556636
=003  CZ\PrUCL
=005  20210305143305.0
=008  170104s1995\\\\xr\\\\\\\\\\\\|||\||cze\d
=022  \\$a0862-7630
=035  \\$a(ISIS-B80-ID)B9044960
=035  \\$a(ISIS-B80-MFN)92637
=040  \\$aABB060$bcze
=080  \\$a(0:82-4)$2MRF
=100  1\$aBondy, Egon$d(1930-2007)$7jk01012610$4aut$1http://viaf.org/viaf/2539712
=245  10$aAbsolutní svoboda /$cEgon Bondy.
=380  \\$iMajor genre$aLiterature$leng
=381  \\$iMajor genre$aOther$leng
=520  2\$aÚvaha.
=524  \\$aBONDY, Egon: Absolutní svoboda. Analogon. R. 1995, č. 15, s. 29-31.
=650  07$asvoboda$7ph116345$2czenas
=655  \7$aúvahy$7fd134000$2czenas
=773  0\$tAnalogon$x0862-7630$gR. 1995, č. 15, s. 29-31$q1995:15<29$91995$sAnalogon (Praha)
=910  \\$aABB060
=964  \\$a01
=964  \\$a02.06
=964  \\$aB80
=995  \\$aČeská Literární Bibliografie
=FMT  RS
=OWN  \\$aUCLA
=SIF  \\$agd
=ZAZ  \\$d1995$s1995$z15$l29

