=LDR  01142nab a22003614a 4500
=001  001556637
=003  CZ\PrUCL
=005  20210309114004.0
=008  170104s1995\\\\xr\\\\\\\\\\\\|||\||cze\d
=022  \\$a0862-7630
=035  \\$a(ISIS-B80-ID)B9044961
=035  \\$a(ISIS-B80-MFN)92638
=040  \\$aABB060$bcze
=080  \\$a(048.8)$2MRF
=100  1\$aRojo, José M.$4aut
=245  10$aPoznámky o ekologii a surrealismu /$cJosé M. Rojo ; přel. R. Dergam.
=380  \\$iMajor genre$aSecondary literature$leng
=520  2\$aStudie.
=524  \\$aROJO, José M. - DERGAM, R.: Poznámky o ekologii a surrealismu. Přel. R. Dergam. Analogon. R. 1995, č. 15, s. 62-67.
=650  07$aekologie$7ph114418$2czenas
=650  07$asurrealismus (umění)$7ph126286$2czenas
=655  \7$astudie$7fd133597$2czenas
=700  1\$aDergam, R.$4trl
=773  0\$tAnalogon$x0862-7630$gR. 1995, č. 15, s. 62-67$q1995:15<62$91995$sAnalogon (Praha)
=910  \\$aABB060
=964  \\$a01
=964  \\$a02.06
=964  \\$aB80
=995  \\$aČeská Literární Bibliografie
=FMT  RS
=OWN  \\$aUCLA
=SIF  \\$agd
=ZAZ  \\$d1995$s1995$z15$l62

