=LDR  01717nab a22003614a 4500
=001  001556638
=003  CZ\PrUCL
=008  170104s1995\\\\xr\\\\\\\\\\\\|||\||cze\d
=035  \\$a(ISIS-B80-ID)B9044962
=035  \\$a(ISIS-B80-MFN)92639
=040  \\$aABB060$bcze
=080  \\$a(047.5)$2MRF
=100  1\$aDryje, František$d(1951- )$7jn19990218019$4aut$1http://viaf.org/viaf/19270106
=245  10$aKe konceptu Světové surrealistické výstavy Divoký oheň /$cFrantišek Dryje, Josef Janda, Ludvík Šváb
=380  \\$iMajor genre$aLiterature$leng
=381  \\$iMajor genre$aOther$leng
=520  2\$aSkupina českých a slovenských surrealistů; její vyjádření k Návrhu na uspořádání Světové surrealistické výstavy, který učinilo Surrealistické hnutí ve Spojených státech a Surrealistická skupina v Paříži (text Návrhu je otištěn na s. 75).
=524  \\$aDRYJE, František - JANDA, Josef - ŠVÁB, Ludvík et al.: Ke konceptu Světové surrealistické výstavy Divoký oheň. Analogon. R. 1995, č. 15, s. 76-77.
=610  27$aSkupina českých a slovenských surrealistů$7kn20050531002$2czenas
=650  04$asurrealismus$xOPRAVA UCL
=650  04$avýstavy s literární tematikou a knižní veletrhy$xOPRAVA UCL
=655  \7$aprohlášení$7fd187847$2czenas
=700  1\$aJanda, Josef$4aut$xOPRAVA UCL
=700  1\$aŠváb, Ludvík$d(1924-1997)$4aut$7jk01131773$1http://viaf.org/viaf/50300001
=773  0\$tAnalogon$x0862-7630$gR. 1995, č. 15, s. 76-77$q1995:15<76$91995$sAnalogon (Praha)
=910  \\$aABB060
=964  \\$a02.12.03
=964  \\$aB80
=995  \\$aČeská Literární Bibliografie
=FMT  RS
=OWN  \\$aUCLA
=SIF  \\$agd
=ZAZ  \\$d1995$s1995$z15$l76

