=LDR  01351nab a22003374a 4500
=001  001556639
=003  CZ\PrUCL
=005  20190708104710.0
=008  170104s1995\\\\xr\\\\\\\\\\\\|||\||cze\d
=022  \\$a0862-7630
=035  \\$a(ISIS-B80-ID)B9044963
=035  \\$a(ISIS-B80-MFN)92640
=040  \\$aABB060$bcze
=080  \\$a(048.8)$2MRF
=100  1\$aBorecký, Vladimír$d(1941-2009)$7jn19990218006$4aut$1http://viaf.org/viaf/84002213
=245  10$aFantasmata fustuaria :$b(Masochismus, matriarchát a gynekokracie.) /$cVladimír Borecký.
=380  \\$iMajor genre$aSecondary literature$leng
=520  2\$aStudie o díle rakouského spisovatele L. S. M. (1836-1895), v úvodní části mj. o překladech jeho děl do češtiny.
=524  \\$aBORECKÝ, Vladimír: Fantasmata fustuaria : (Masochismus, matriarchát a gynekokracie. ). Analogon. R. 1995, č. 15, s. 90-94.
=600  17$aSacher-Masoch, Leopold von$d(1836-1895)$7nlk20000092032$2czenas$1http://viaf.org/viaf/64011430
=650  07$aosobnosti$7ph115615$2czenas
=655  \7$astudie$7fd133597$2czenas
=773  0\$tAnalogon$x0862-7630$gR. 1995, č. 15, s. 90-94$q1995:15<90$91995$sAnalogon (Praha)
=910  \\$aABB060
=964  \\$a05
=964  \\$aB80
=995  \\$aČeská Literární Bibliografie
=FMT  RS
=OWN  \\$aUCLA
=SIF  \\$agd
=ZAZ  \\$d1995$s1995$z15$l90

