=LDR  01539nab a22003974a 4500
=001  001556640
=003  CZ\PrUCL
=005  20200730124005.0
=008  170104s1995\\\\xr\\\\\\\\\\\\|||\||cze\d
=022  \\$a0862-7630
=035  \\$a(ISIS-B80-ID)B9044964
=035  \\$a(ISIS-B80-MFN)92641
=040  \\$aABB060$bcze
=080  \\$a(0:82-95)$2MRF
=100  1\$aZumr, Josef$d(1928- )$7jk01152856$4aut$1http://viaf.org/viaf/19757809
=245  10$aDějiny surrealismu po padesáti letech /$cJosef Zumr.
=380  \\$iMajor genre$aSecondary literature$leng
=520  2\$aRecenze.
=524  \\$aZUMR, Josef: Dějiny surrealismu po padesáti letech. Analogon. R. 1995, č. 15, s. 95.
=600  17$aHavlíček, Zbyněk$d(1922-1969)$7jk01040359$2czenas$1http://viaf.org/viaf/37741320
=600  17$aNadeau, Maurice$d(1911-2013)$7kup19950000068728$2czenas$1http://viaf.org/viaf/100194996
=650  04$afrancouzská literární historie$xOPRAVA UCL
=650  04$asurrealismus$xOPRAVA UCL
=650  07$aosobnosti$7ph115615$2czenas
=655  \7$arecenze$7fd133231$2czenas
=773  0\$tAnalogon$x0862-7630$gR. 1995, č. 15, s. 95$q1995:15<95$91995$sAnalogon (Praha)
=787  08$iRecenze na:$aNadeau, Maurice$tDějiny surrealismu a surrealistické dokumenty$nZ franc. orig. přel. Zbyněk Havlíček$dOlomouc : Votobia, 1994$4monografie
=910  \\$aABB060
=964  \\$a04.07.05
=964  \\$a05
=964  \\$aB80
=995  \\$aČeská Literární Bibliografie
=FMT  RS
=OWN  \\$aUCLA
=SIF  \\$agd
=ZAZ  \\$d1995$s1995$z15$l95

