=LDR  01523nab a22004094a 4500
=001  001556641
=003  CZ\PrUCL
=008  170104e19960215xr\\\\\\\\\\\\|||\||cze\d
=035  \\$a(ISIS-B80-ID)B9044965
=035  \\$a(ISIS-B80-MFN)92642
=040  \\$aABB060$bcze
=080  \\$a(0:82-95)$2MRF
=100  1\$aŠimůnek, Jaroslav$4aut$xOPRAVA UCL
=245  10$aV zrcadle a za zrcadlem /$cJaroslav Šimůnek
=380  \\$iMajor genre$aSecondary literature$leng
=520  2\$aRecenze.
=524  \\$aŠIMŮNEK, Jaroslav: V zrcadle a za zrcadlem. Svobodné slovo. Roč. 88, 1996, č. 39, 15. 2., s. 11.
=600  17$aFuks, Ladislav$d(1923-1994)$7jk01032159$2czenas$1http://viaf.org/viaf/22183852
=600  17$aTušl, Jiří$d(1943- )$7kup19960000103438$2czenas$1http://viaf.org/viaf/42021152
=648  \7$a1991-2000$7ch460587$2czenas
=650  04$amemoáry$xOPRAVA UCL
=650  07$aosobnosti$7ph115615$2czenas
=650  07$ačeská próza$7ph116861$2czenas
=650  \7$aCzech literature$2ELB-n
=655  \7$arecenze$7fd133231$2czenas
=773  0\$tSvobodné slovo$x0231-732X$gRoč. 88, 1996, č. 39, 15. 2., s. 11$q88:39<11$919960215$sSvobodné slovo
=787  08$iRecenze na:$aFuks, Ladislav$tMoje zrcadlo$nUspořádal a doplnil Jiří Tušl$dPraha : Melantrich, 1995$4vzpomínky
=910  \\$aABB060
=964  \\$a03.15.02
=964  \\$a05
=964  \\$aB80
=995  \\$aČeská Literární Bibliografie
=FMT  RD
=OWN  \\$aUCLA
=SIF  \\$agd
=ZAR  \\$hvzpomínky
=ZAZ  \\$d19960215$s88$z39$l11

