=LDR  01178nab a22003254a 4500
=001  001556642
=003  CZ\PrUCL
=008  170104s1996\\\\xr\\\\\\\\\\\\|||\||cze\d
=035  \\$a(ISIS-B80-ID)B9044966
=035  \\$a(ISIS-B80-MFN)92643
=040  \\$aABB060$bcze
=080  \\$a(047)$2MRF
=100  1\$aCamrda, Jakub$d(1973- )$7jx20060529015$4aut$1http://viaf.org/viaf/84361367
=245  10$aKMIT - časopis pro mediální kritiku /$cJakub Camrda
=380  \\$iMajor genre$aSecondary literature$leng
=520  2\$aReferát o revui KMIT (Komunikace, Média, Informace, Technologie), která vychází od r. 1993 třikrát ročně.
=524  \\$aCAMRDA, Jakub: KMIT - časopis pro mediální kritiku. Nová Přítomnost. R. 1996, č. 2, s. 27.
=650  04$aliterární časopisy a sborníky$xOPRAVA UCL
=655  \7$areferáty$7fd133236$2czenas
=773  0\$tNová Přítomnost$x1211-3883$gR. 1996, č. 2, s. 27$q1996:2<27$91996$sNová Přítomnost
=787  08$tKMIT$4revue
=910  \\$aABB060
=964  \\$a02.11
=964  \\$aB80
=995  \\$aČeská Literární Bibliografie
=FMT  RS
=OWN  \\$aUCLA
=SIF  \\$agd
=ZAR  \\$hrevue
=ZAZ  \\$d1996$s1996$z2$l27

