=LDR  02263nab a22005294a 4500
=001  001556643
=003  CZ\PrUCL
=005  20210305143227.0
=008  150407e19960217xr\\\\\\\\\\\\|||\||cze\d
=022  \\$a0231-732X
=035  \\$a(ISIS-B80-ID)B9044967
=035  \\$a(ISIS-B80-MFN)92644
=040  \\$aABB060$bcze
=080  \\$a(0:82-95)$2MRF
=100  1\$aSmolka, Jaroslav$d(1933-2011)$7jk01120133$4aut$1http://viaf.org/viaf/79199646
=245  10$aKřivý obraz českých dějin, kultury, hudby 19.století /$cJaroslav Smolka.
=380  \\$iMajor genre$aSecondary literature$leng
=520  2\$aRozsáhlá recenze sborníku studií o dějinách, kultuře a umění v Čechách od sklonku 18. století do 1. světové války; sborník obsahuje mj. studii o české literatuře 1785-1914 (autor: Měšťan Antonín) a studii o Deutschböhmische Literatur (autor: Becher Peter).
=524  \\$aSMOLKA, Jaroslav: Křivý obraz českých dějin, kultury, hudby 19. století. Svobodné slovo. Roč. 88, 1996, č. 41, 17. 2., s. 7.
=600  17$aBecher, Peter$d(1952- )$7jn19990000621$2czenas$1http://viaf.org/viaf/94644478
=600  17$aMěšťan, Antonín$d(1930-2004)$7jk01081347$2czenas$1http://viaf.org/viaf/7406681
=600  17$aSeibt, Ferdinand$d(1927-2003)$7jn19990007420$2czenas$1http://viaf.org/viaf/109019155
=650  04$asborníky
=650  04$ačesko-německé vztahy
=650  07$ahudba$7ph114719$2czenas
=650  07$akulturní dějiny$7ph122020$2czenas
=651  \7$azemě Koruny české$7ge703353$2czenas
=655  \7$arecenze$7fd133231$2czenas
=773  0\$tSvobodné slovo$x0231-732X$gRoč. 88, 1996, č. 41, 17. 2., s. 7$q88:41<7$919960217$sSvobodné slovo
=787  08$iRecenze na:$tBöhmen im 19.Jahrhundert : Vom Klassizismus zur Moderne$nEditor Ferdinand Seibt$dBerlín ; Frankfurt n. Mohanem : Propyläen, 1995$4sborník studií
=910  \\$aABB060
=964  \\$a02.06
=964  \\$a02.07
=964  \\$a02.11
=964  \\$a03.01
=964  \\$a03.02
=964  \\$a03.03
=964  \\$a03.04
=964  \\$a03.07
=964  \\$a04.17.08
=964  \\$aB80
=995  \\$aČeská Literární Bibliografie
=FMT  RD
=OWN  \\$aUCLA
=SIF  \\$agd
=ZAR  \\$hsborník studií
=ZAZ  \\$d19960217$s88$z41$l7

