=LDR  02121nab a22005054a 4500
=001  001556644
=003  CZ\PrUCL
=005  20181003155858.0
=008  170104e19960217xr\\\\\\\\\\\\|||\||cze\d
=022  \\$a0231-732X
=035  \\$a(ISIS-B80-ID)B9044968
=035  \\$a(ISIS-B80-MFN)92645
=040  \\$aABB060$bcze
=080  \\$a(047.6)$2MRF
=100  1\$aŽantovský, Petr$d(1962- )$7jn20000402963$4aut$1http://viaf.org/viaf/23884833
=245  10$aKulturní marginálie 4/96 /$cPetr Žantovský.
=380  \\$iMajor genre$aSecondary literature$leng
=380  \\$iMajor genre$aLiterature$leng
=381  \\$iMajor genre$aOther$leng
=520  2\$aPoznámka k vydání, mj.: Dopisy Milady Horákové z pankrácké cely smrti (vydal Klub dr. Milady Horákové v nakladatelství Eva); dvou sbírek básní Jaromíra Hořce: Svěcení hlíny, Ne (vydala Česká expedice).
=524  \\$aŽANTOVSKÝ, Petr: Kulturní marginálie 4/ 96. Svobodné slovo. Roč. 88, 1996, č. 41, 17. 2., s. 13.
=600  17$aHoráková, Milada$d(1901-1950)$7jn99240000311$2czenas$1http://viaf.org/viaf/46826139
=600  17$aHořec, Jaromír$d(1921-2009)$7jk01042314$2czenas$1http://viaf.org/viaf/59129952
=648  \7$a1951-1960$7ch460583$2czenas
=648  \7$a1991-2000$7ch460587$2czenas
=650  07$akorespondence$7ph121871$2czenas
=650  07$ačeská poezie$7ph150471$2czenas
=650  07$ačeská próza$7ph116861$2czenas
=650  \7$aCzech literature$2ELB-n
=650  \7$aPoetry$2ELB-g
=655  \4$apoznámky k vydání
=655  \7$aglosy$7fd185941$2czenas
=773  0\$tSvobodné slovo$x0231-732X$gRoč. 88, 1996, č. 41, 17. 2., s. 13$q88:41<13$919960217$sSvobodné slovo
=787  08$aHoráková, Milada$tDopisy Milady Horákové z pankrácké cely smrti$4korespondence
=787  08$aHořec, Jaromír$tNe$4sbírka básní
=787  08$aHořec, Jaromír$tSvěcení hlíny$4sbírka básní
=910  \\$aABB060
=964  \\$a03.11.02
=964  \\$a03.15.01
=964  \\$aB80
=995  \\$aČeská Literární Bibliografie
=FMT  RD
=OWN  \\$aUCLA
=SIF  \\$agd
=ZAZ  \\$d19960217$s88$z41$l13

