=LDR  01400nab a22003974a 4500
=001  001556645
=003  CZ\PrUCL
=008  170104e19960217xr\\\\\\\\\\\\|||\||cze\d
=035  \\$a(ISIS-B80-ID)B9044969
=035  \\$a(ISIS-B80-MFN)92646
=040  \\$aABB060$bcze
=080  \\$a(0:82-95)$2MRF
=100  1\$aŠimůnek, Jaroslav$4aut$xOPRAVA UCL
=245  10$aJe čemu naslouchat /$cJaroslav Šimůnek
=380  \\$iMajor genre$aSecondary literature$leng
=520  2\$aRecenze.
=524  \\$aŠIMŮNEK, Jaroslav: Je čemu naslouchat. Svobodné slovo. Roč. 88, 1996, č. 41, 17. 2., s. 13.
=600  17$aListopad, František$d(1921-2017)$7jk01072248$2czenas$1http://viaf.org/viaf/7803337
=648  \7$a1991-2000$7ch460587$2czenas
=650  07$aosobnosti$7ph115615$2czenas
=650  07$ačeská poezie$7ph150471$2czenas
=650  \7$aCzech literature$2ELB-n
=650  \7$aPoetry$2ELB-g
=655  \7$arecenze$7fd133231$2czenas
=773  0\$tSvobodné slovo$x0231-732X$gRoč. 88, 1996, č. 41, 17. 2., s. 13$q88:41<13$919960217$sSvobodné slovo
=787  08$iRecenze na:$aListopad, František$tOprava houslí a kytar$dMladá fronta$4básnická sbírka
=910  \\$aABB060
=964  \\$a03.15.01
=964  \\$a05
=964  \\$aB80
=995  \\$aČeská Literární Bibliografie
=FMT  RD
=OWN  \\$aUCLA
=SIF  \\$agd
=ZAR  \\$hbásnická sbírka
=ZAZ  \\$d19960217$s88$z41$l13

