=LDR  01378nab a22003734a 4500
=001  001556646
=003  CZ\PrUCL
=008  170104e19960220xr\\\\\\\\\\\\|||\||cze\d
=035  \\$a(ISIS-B80-ID)B9044970
=035  \\$a(ISIS-B80-MFN)92647
=040  \\$aABB060$bcze
=100  0\$a(mp)$c[Svobodné slovo]$4aut$xOPRAVA UCL
=245  10$aHlavním hrdinou současného českého románu... /$c(mp)
=380  \\$iMajor genre$aSecondary literature$leng
=520  2\$aPoznámka k vydání.
=524  \\$a(mp): Hlavním hrdinou současného českého románu. Svobodné slovo. Roč. 88, 1996, č. 43, 20. 2., s. 9.
=600  17$aNezval, Martin$d(1960- )$7jn19990009942$2czenas$1http://viaf.org/viaf/14398291
=648  \7$a1991-2000$7ch460587$2czenas
=650  07$aosobnosti$7ph115615$2czenas
=650  07$ačeská próza$7ph116861$2czenas
=650  \7$aCzech literature$2ELB-n
=655  \4$apoznámky k vydání$xOPRAVA UCL
=773  0\$tSvobodné slovo$x0231-732X$gRoč. 88, 1996, č. 43, 20. 2., s. 9$q88:43<9$919960220$sSvobodné slovo
=787  08$aNezval, Martin$tŠtěstí je tady a teď aneb racionální analýza nevěry$dKnižní klub$4román
=910  \\$aABB060
=964  \\$a03.15.02
=964  \\$a05
=964  \\$aB80
=995  \\$aČeská Literární Bibliografie
=FMT  RD
=OWN  \\$aUCLA
=SIF  \\$agd
=ZAR  \\$hromán
=ZAZ  \\$d19960220$s88$z43$l9

