=LDR  01705nab a22004454a 4500
=001  001556647
=003  CZ\PrUCL
=008  170104e19960215xr\\\\\\\\\\\\|||\||cze\d
=035  \\$a(ISIS-B80-ID)B9044971
=035  \\$a(ISIS-B80-MFN)92648
=040  \\$aABB060$bcze
=080  \\$a(0:82-4)$2MRF
=100  1\$aChvatík, Květoslav$d(1930-2012)$7jk01050435$4aut$1http://viaf.org/viaf/64021459
=245  10$aKdo byla Agnes? /$cKvětoslav Chvatík
=380  \\$iMajor genre$aLiterature$leng
=381  \\$iMajor genre$aOther$leng
=520  2\$aEsej o biografické metodě interpretace literárního díla; dále podrobně o hrdince Agnes Kunderova románu Nesmrtelnost.
=524  \\$aCHVATÍK, Květoslav: Kdo byla Agnes?. Tvar. Roč. 7, 1996, č. 4, 15. 2., s. 1, 4-5.
=600  17$aKundera, Milan$d(1929- )$7jk01070894$2czenas$1http://viaf.org/viaf/51691735
=648  \7$a1991-2000$7ch460587$2czenas
=650  04$ainterpretace$xOPRAVA UCL
=650  04$aliterární historie a kritika$xOPRAVA UCL
=650  07$aosobnosti$7ph115615$2czenas
=650  07$ačeská próza$7ph116861$2czenas
=650  \7$aCzech literature$2ELB-n
=655  \7$aeseje$7fd132213$2czenas
=773  0\$tTvar$x0862-657X$gRoč. 7, 1996, č. 4, 15. 2., s. 1, 4-5$q7:4<1$919960215$sTvar (Praha)
=787  08$aKundera, Milan$tNesmrtelnost$dBrno : Atlantis, 1993$4román
=856  41$uhttp://archiv.ucl.cas.cz/index.php?path=Tvar/7.1996/4/1.png$yDigitální archiv časopisů$4N
=910  \\$aABB060
=964  \\$a02.05
=964  \\$a03.15.02
=964  \\$a05
=964  \\$aB80
=995  \\$aČeská Literární Bibliografie
=FMT  RS
=OWN  \\$aUCLA
=SIF  \\$agd
=ZAR  \\$hromán
=ZAZ  \\$d19960215$s7$z4$l1

