=LDR  01585nab a22004214a 4500
=001  001556648
=003  CZ\PrUCL
=008  170104e19960215xr\\\\\\\\\\\\|||\||cze\d
=035  \\$a(ISIS-B80-ID)B9044972
=035  \\$a(ISIS-B80-MFN)92649
=040  \\$aABB060$bcze
=080  \\$a(047)$2MRF
=100  1\$aMartínek, Libor$d(1965- )$7mzk2002106085$4aut$1http://viaf.org/viaf/51030624
=245  10$aPodél literatury na slezském pomezí /$cLibor Martinek
=380  \\$iMajor genre$aSecondary literature$leng
=520  2\$aReferát o konferenci o literatuře v českém a polském Slezsku, která se konala 15. a 16. 11. 1995 v Opavě.
=524  \\$aMARTINEK, Libor: Podél literatury na slezském pomezí. Tvar. Roč. 7, 1996, č. 4, 15. 2., s. 2.
=648  \7$a1991-2000$7ch460587$2czenas
=650  04$aliterárněvědné konference$xOPRAVA UCL
=650  07$apolská literatura$7ph115805$2czenas
=650  07$ačeská literatura$7ph116858$2czenas
=650  \7$aPolish literature$2ELB-n
=650  \7$aCzech literature$2ELB-n
=651  \4$aOpava$xOPRAVA UCL
=651  \7$aSlezsko$7ge130850$2czenas
=655  \7$areferáty$7fd133236$2czenas
=773  0\$tTvar$x0862-657X$gRoč. 7, 1996, č. 4, 15. 2., s. 2$q7:4<2$919960215$sTvar (Praha)
=856  41$uhttp://archiv.ucl.cas.cz/index.php?path=Tvar/7.1996/4/2.png$yDigitální archiv časopisů$4N
=910  \\$aABB060
=964  \\$a02.10.02
=964  \\$a03.15
=964  \\$a04.19
=964  \\$aB80
=995  \\$aČeská Literární Bibliografie
=FMT  RS
=OWN  \\$aUCLA
=SIF  \\$agd
=ZAZ  \\$d19960215$s7$z4$l2

