=LDR  01399nab a22003734a 4500
=001  001556649
=003  CZ\PrUCL
=005  20171013135607.0
=008  170104e19960215xr\\\\\\\\\\\\|||\||cze\d
=022  \\$a0862-657X
=035  \\$a(ISIS-B80-ID)B9044973
=035  \\$a(ISIS-B80-MFN)92650
=040  \\$aABB060$bcze
=080  \\$a(049.2)$2MRF
=100  1\$aAdamovič, Ivan$d(1967- )$7jn99240000010$4aut$1http://viaf.org/viaf/264805669
=245  10$aV příspěvku pana Petra Hrbáče... /$cIvan Adamovič.
=380  \\$iMajor genre$aLiterature$leng
=381  \\$iMajor genre$aOther$leng
=520  2\$aRedakce Živlu reaguje na recenzi: Hrbáč Petr (Tvar 1996, č. 2, s. 2).
=524  \\$aADAMOVIČ, Ivan: V příspěvku pana Petra Hrbáče. Tvar. Roč. 7, 1996, č. 4, 15. 2., s. 2.
=600  17$aHrbáč, Petr$d(1958- )$7jn19990209267$2czenas$1http://viaf.org/viaf/51295392
=650  07$aliterární časopisy$7ph122407$2czenas
=655  \7$apolemiky$7fd133058$2czenas
=773  0\$tTvar$x0862-657X$gRoč. 7, 1996, č. 4, 15. 2., s. 2$q7:4<2$919960215$sTvar (Praha)
=787  08$tŽivel$4časopis
=856  41$uhttp://archiv.ucl.cas.cz/index.php?path=Tvar/7.1996/4/2.png$yDigitální archiv časopisů$4N
=910  \\$aABB060
=964  \\$a02.11
=964  \\$aB80
=995  \\$aČeská Literární Bibliografie
=FMT  RS
=OWN  \\$aUCLA
=SIF  \\$agd
=ZAZ  \\$d19960215$s7$z4$l2

