=LDR  02006nab a22004574a 4500
=001  001556650
=003  CZ\PrUCL
=005  20210308150850.0
=008  170104e19960215xr\\\\\\\\\\\\|||\||cze\d
=022  \\$a0862-657X
=035  \\$a(ISIS-B80-ID)B9044974
=035  \\$a(ISIS-B80-MFN)92651
=040  \\$aABB060$bcze
=080  \\$a(047.53)$2MRF
=080  \\$a82:101$2MRF
=100  1\$aPechar, Jiří$d(1929- )$7jk01092325$4ive$1http://viaf.org/viaf/32056176
=245  10$aPět odpovědí - Jiřího Pechara :$b"K myšlence patří i její kontext." /$cJiří Pechar ; otázky položil Pavel Janáček.
=380  \\$iMajor genre$aLiterature$leng
=381  \\$iMajor genre$aOther$leng
=520  2\$aRozhovor s filozofem, spisovatelem a literárním kritikem J. P. mj. o jeho knize: Být sám sebou, Pojem identity a jeho meze (vydalo nakladatelství Hynek, 1995).
=524  \\$aPECHAR, Jiří - JANÁČEK, Pavel: Pět odpovědí - Jiřího Pechara : "K myšlence patří i její kontext. ". Otázky položil Pavel Janáček. Tvar. Roč. 7, 1996, č. 4, 15. 2., s. 3.
=600  17$aPechar, Jiří$d(1929- )$7jk01092325$2czenas$1http://viaf.org/viaf/32056176
=650  04$aliteratura (obecně)$xOPRAVA UCL
=650  07$afilozofie$7ph114540$2czenas
=650  07$aliteratura a filozofie$7ph122368$2czenas
=650  07$aosobnosti$7ph115615$2czenas
=655  \7$arozhovory$7fd133303$2czenas
=700  1\$aJanáček, Pavel$d(1968- )$4ivr$7jn19990216079$1http://viaf.org/viaf/14087833
=773  0\$tTvar$x0862-657X$gRoč. 7, 1996, č. 4, 15. 2., s. 3$q7:4<3$919960215$sTvar (Praha)
=787  08$aPechar, Jiří$tBýt sám sebou : pojem identity a jeho meze$4monografie
=856  41$uhttp://archiv.ucl.cas.cz/index.php?path=Tvar/7.1996/4/3.png$yDigitální archiv časopisů$4N
=910  \\$aABB060
=964  \\$a01
=964  \\$a02.06
=964  \\$a05
=964  \\$aB80
=995  \\$aČeská Literární Bibliografie
=FMT  RS
=OWN  \\$aUCLA
=SIF  \\$agd
=ZAZ  \\$d19960215$s7$z4$l3

