=LDR  01559nab a22003854a 4500
=001  001556651
=003  CZ\PrUCL
=005  20190724140541.0
=008  030120e19960215xr\\\\\\\\\\\\|||\||cze\d
=022  \\$a0862-657X
=035  \\$a(ISIS-B80-ID)B9044975
=035  \\$a(ISIS-B80-MFN)92652
=040  \\$aABB060$bcze
=080  \\$a(047)$2MRF
=100  1\$aMacek, Emanuel$d(1924-1997)$7jk01072754$4aut$1http://viaf.org/viaf/46797716
=245  10$aPřipomíná se nám kritik František Xaver Šalda... /$cEmanuel Macek.
=380  \\$iMajor genre$aSecondary literature$leng
=520  2\$aO činnosti: Společnost F. X. Šaldy a o nejnovějších šaldovských publikacích.
=524  \\$aMACEK, Emanuel: Připomíná se nám kritik František Xaver Šalda. Tvar. Roč. 7, 1996, č. 4, 15. 2., s. 2-3.
=600  17$aŠalda, F. X. (František Xaver)$q(František Xaver),$d(1867-1937)$7jk01122425$2czenas$1http://viaf.org/viaf/14783197
=610  24$aSpolečnost F. X. Šaldy$xOPRAVA UCL
=650  04$aspisovatelské a literárněvědné organizace$xOPRAVA UCL
=650  07$aosobnosti$7ph115615$2czenas
=655  \7$areferáty$7fd133236$2czenas
=773  0\$tTvar$x0862-657X$gRoč. 7, 1996, č. 4, 15. 2., s. 2-3$q7:4<2$919960215$sTvar (Praha)
=856  41$uhttp://archiv.ucl.cas.cz/index.php?path=Tvar/7.1996/4/2.png$yDigitální archiv časopisů$4N
=910  \\$aABB060
=964  \\$a02.10.01
=964  \\$a05
=964  \\$aB80
=995  \\$aČeská Literární Bibliografie
=FMT  RS
=OWN  \\$aUCLA
=SIF  \\$agd
=ZAZ  \\$d19960215$s7$z4$l2
